4125 6334
791 1173 895 1227 amns
917 1176 955 1238 11,
979 1176 1051 1227 cnr.
1076 1178 1123 1227 1x.
1444 1170 1487 1233 83

477 1348 615 1429 Quoties
646 1350 707 1414 hoc
729 1372 750 1414 a
773 1349 956 1417 dormiente
978 1352 1145 1437 prolatum
1168 1352 1364 1430 audivimus,
1387 1355 1486 1420 toties

428 1450 512 1515 illud
551 1473 678 1539 sponsae
709 1453 750 1517 de
789 1452 936 1518 Canticis
965 1454 1016 1518 illi
1046 1476 1223 1542 congruere
1255 1457 1485 1536 sentiebamus,

429 1557 468 1618 ut
488 1553 677 1639 loqueretur
698 1554 823 1620 coelesti
845 1576 963 1642 sponso
982 1558 1094 1621 anima
1116 1559 1228 1644 ipsius,
1252 1558 1370 1634 dicens,
1388 1560 1486 1646 “Ego
1499 1574 1571 1627 cant.
1583 1593 1608 1628 v,
1622 1543 1644 1629 a.

431 1656 566 1734 dormio,
596 1656 674 1721 sed¹
707 1679 762 1722 cor
795 1679 906 1723 meum
936 1658 1086 1744 vigilat‚''
1124 1660 1225 1725 immo
1264 1661 1365 1725 etiam
1403 1667 1483 1727 orat.

432 1757 570 1838 Quoties
602 1780 742 1824 verosa
772 1759 867 1824 nobis
898 1780 973 1845 quae
995 1781 1054 1846 per
1076 1782 1225 1847 soporem
1248 1764 1403 1828 sensisset
1425 1771 1484 1830 aut

430 1861 591 1927 vidisset²
613 1861 781 1940 referebat,
815 1860 1008 1948 hymnicum
1040 1864 1124 1928 illud
1150 1865 1180 1929 ei
1203 1870 1386 1950 competere
1412 1888 1484 1952 per-

429 1962 660 2050 pendebamus,
693 1965 782 2049 quod
803 1964 859 2028 ille
890 1965 1061 2051 vigilando
1084 1966 1185 2031 etiam
1212 1968 1372 2033 attentius
1396 1991 1482 2057 saepe

429 2065 579 2142 canebat,
612 2075 629 2101 “
645 2066 757 2131 Exuta
789 2088 887 2133 sensu
919 2067 1053 2146 lubrice,
1081 2068 1126 2133 Te
1158 2070 1263 2135 cordis
1296 2072 1366 2135 alta
1397 2093 1482 2136 som-

431 2176 448 2202 “
471 2168 594 2234 nient”
640 2168 710 2235 Nec
733 2191 812 2234 vero
835 2170 956 2235 mirum
979 2172 1007 2236 si
1031 2171 1207 2237 dormienti
1230 2194 1299 2238 non
1322 2173 1482 2240 deerant³

429 2271 560 2335 interna
582 2271 763 2348 serenitas,⁴
786 2272 907 2337 intima
928 2274 1069 2351 claritas,
1093 2295 1184 2339 mera
1206 2276 1359 2354 suavitas,
1385 2293 1491 2360 quem‘

429 2372 624 2459 vigilantem
660 2379 798 2439 externa
834 2375 975 2452 vanitas,
1012 2397 1098 2441 caeca
1135 2377 1312 2455 curiositas,
1351 2378 1483 2465 impura

428 2475 590 2562 voluptas,
606 2477 673 2541 suis
690 2477 820 2541 irretire
843 2477 1002 2542 illecebris
1020 2479 1211 2544 nullatenus
1234 2479 1482 2567 praevalebant.⁶

475 2577 560 2644 Cum
582 2600 662 2644 vero
684 2571 864 2665 corporalia
878 2579 1029 2645 sumebat
1052 2580 1220 2657 alimenta,
1236 2602 1310 2646 cum
1333 2583 1482 2647 faucibus
1494 2596 1624 2662 Reamngs

428 2685 551 2746 tereret
573 2681 639 2746 cibi
666 2682 873 2746 nutrimenta
899 2682 1030 2759 terreni,
1054 2685 1136 2746 tunc
1158 2683 1366 2767 potissimum
1388 2704 1482 2748 aures
1495 2666 1616 2715 '‘mm''

429 2784 499 2869 ejus
526 2783 714 2848 esuriebant
744 2788 778 2848 et
808 2783 1008 2848 hauriebant
1033 2784 1171 2848 verbum
1206 2784 1280 2847 Dei.
1336 2783 1373 2848 Si
1407 2807 1482 2849 cum

427 2885 587 2950 fratribus
618 2908 677 2971 pro
715 2907 814 2963 more,
847 2885 949 2970 juxta
986 2884 1258 2950 consuetudinem
1295 2886 1361 2952 diei
1397 2886 1482 2963 festi,

428 2988 636 3053 refectorium
669 2988 836 3073 ingressus
867 3009 936 3052 una
967 3010 1042 3054 cum
1073 2986 1139 3051 illis
1171 2988 1357 3073 pranderet,
1384 2995 1482 3075 prout

429 3090 498 3177 ipse
520 3096 653 3155 caeteros
683 3094 718 3154 et
741 3089 897 3154 monebat
927 3096 961 3154 et
991 3089 1138 3167 docebat,
1162 3089 1271 3155 oculos
1301 3090 1338 3155 in
1360 3113 1480 3168 mensa,

428 3213 545 3256 manus
581 3192 618 3255 in
655 3190 801 3271 scutella,
834 3213 929 3256 aures
966 3192 1010 3256 ad
1048 3191 1179 3271 librum,
1214 3213 1269 3257 cor
1305 3193 1348 3257 sd
1372 3193 1481 3259 Deum

429 3292 594 3359 habebat.⁶
647 3293 684 3358 Si
707 3293 795 3358 solus
817 3292 938 3387 edebat
959 3293 996 3356 in
1018 3293 1143 3368 cellula,
1166 3293 1395 3378 partiebantur
1417 3295 1481 3359 sibi

428 3394 567 3461 liberet
589 3395 738 3461 mensula
767 3395 936 3460 oculorum
967 3393 1095 3460 officia:
1131 3399 1212 3459 tunc
1243 3394 1481 3459 enim-lumina

429 3497 499 3583 ejus
536 3497 600 3562 sibi
638 3494 893 3563 distrahebant⁷
927 3496 1082 3575 vicissim,
1113 3496 1190 3561 hinc
1223 3495 1307 3561 liber
1336 3502 1479 3584 apertus,

428 3600 504 3665 hinc
536 3600 631 3687 panis
668 3600 856 3686 appositus:
893 3620 969 3664 nam
1007 3599 1179 3685 pulmenta
1209 3599 1316 3664 rarius
1348 3599 1481 3686 adjicie—
1558 3660 1562 3669 .

429 3702 556 3769 bantur.
604 3702 700 3789 Aqua
723 3702 793 3766 sola
815 3701 935 3787 saepius
958 3702 1111 3787 poculum
1132 3701 1231 3765 simul
1253 3706 1288 3766 et
1305 3701 1480 3788 juscellum
1493 3724 1634 3788 wiarge

429 3806 501 3871 fuit.
549 3804 806 3871 Condimentum
829 3803 882 3868 his
904 3803 1009 3889 epulis
1024 3803 1296 3889 pretiosissimum
1311 3826 1480 3891 nunquam
1493 3791 1589 3855 ¹¹⁹¹³¹¹l⁷
1597 3792 1638 3840 his

430 3908 541 3985 defirit,
566 3930 672 3974 sermo
702 3907 773 3973 Dei.
830 3906 982 3973 Codicem
1016 3928 1096 3972 vero
1128 3906 1224 3971 celeri
1255 3908 1479 3994 perstringens
1493 3859 1553 3923 only
1562 3859 1645 3908 dnnk.

430 4009 584 4088 obtuitu,8
606 4010 700 4075 velut
729 4009 861 4095 raptim,
891 4009 1001 4074 animo
1035 4008 1146 4096 potius
1177 4008 1364 4073 transmisit
1390 4011 1478 4094 quod

429 4114 619 4192 ruminaret,
660 4133 759 4199 quam
798 4111 958 4177 desiderio
990 4112 1077 4197 quod
1115 4109 1198 4175 illud
1236 4109 1381 4190 satiaret,
1419 4117 1479 4177 aut

430 4216 539 4282 studio
562 4215 650 4302 quod
672 4214 723 4278 illi
746 4214 954 4280 satisfaceret.

461 4516 536 4583 1κά]
555 4516 591 4567 So
612 4515 662 4576 B.;
685 4522 717 4577 et,
741 4511 770 4565 0.
793 4513 845 4565 and
863 4512 930 4564 Dor·
1006 4509 1207 4578 'praevalebam
1227 4510 1261 4565 so
1273 4512 1304 4564 Β.
1323 4516 1373 4565 and
1391 4515 1474 4575 Pcz.;

429 4597 524 4659 ludus,
536 4596 599 4646 with
609 4595 653 4646 the
664 4594 784 4659 Vulgata
972 4592 1130 4655 praevalebat,
1140 4590 1170 4642 0.

461 4674 594 4742 'vidissetJ
614 4675 707 4733 SoB.;
726 4672 843 4732 audisset,
854 4671 884 4723 0.
1005 4669 1394 4736 ‘hateta2]sos.and1’ez.;
1411 4689 1474 4724 sem-

461 4755 595 4820 ³deercat]
624 4754 659 4804 So
676 4754 708 4803 B.
726 4752 867 4811 andPez.;
887 4753 928 4804 de·
972 4765 1017 4813 per
1027 4750 1142 4811 habebat,
1154 4750 1183 4801 O.
1195 4754 1245 4801 and
1254 4751 1350 4802 Sarius.

431 4844 488 4897 crat,
507 4835 557 4895 (λς
582 4834 728 4885 Dorlandus
746 4832 799 4881 also
818 4832 864 4881 has
887 4831 929 4881 the
1007 4828 1209 4896 'distrahebanq
1229 4829 1263 4882 So
1284 4831 1312 4880 O.
1325 4834 1375 4881 and
1394 4833 1472 4885 Pea:

432 4914 550 4980 singular.
973 4908 1146 4970 detrahebant,
1157 4909 1188 4959 Β.

463 4995 472 5023 ⁴
483 4992 615 5057 eveniar]
630 4991 665 5042 So
674 4991 713 5052 0.,
723 4991 793 5054 Pes,
804 4991 855 5044 aad
863 4990 930 5042 Dor·
1007 4990 1016 5017 ¹
1027 4987 1135 5053 obtuitu]
1155 4986 1189 5040 So
1200 4987 1231 5040 Β.
1244 5008 1251 5049 5
1269 4986 1371 5048 intuitu,
1383 4988 1412 5040 0.

430 5072 533 5134 landun
550 5072 689 5135 sinceritas,
700 5071 730 5121 Β.

1268 5161 1289 5207 r
1322 5149 1342 5210 2
