4125 6334
824 1155 929 1204 arans
950 1154 985 1216 s,
1008 1151 1082 1205 car.
1096 1153 1173 1204 vm.

829 1463 1039 1527 Onmrunuu
1063 1461 1163 1527 VIII.

469 1635 518 1699 Dc
549 1632 683 1700 assatas
705 1632 875 1719 seratam·
919 1653 1072 1718 orcarum
1102 1630 1305 1699 alterumn
1332 1629 1524 1717 pellicano,

627 1739 771 1802 altarum
792 1738 834 1801 ab
857 1734 1028 1800 incubone
1050 1733 1182 1821 eripuit
1204 1733 1364 1800 clamose.

515 1896 538 1959 J
540 1919 593 1959 am
616 1918 705 1975 vero,
730 1895 819 1980 quod
842 1894 1109 1980 praetereundum
1132 1915 1200 1958 non
1223 1894 1298 1973 fuit,
1322 1894 1358 1958 in
1381 1893 1526 1980 capitulo
1539 1908 1640 1972 Hugh's

473 1998 697 2063 Lincolniensi
737 1998 780 2061 nd
822 2018 932 2082 regem
973 2019 1007 2062 se
1039 2020 1099 2082 pro
1131 1997 1297 2061 communi
1331 1997 1526 2061 necessitate
1538 1976 1628 2106 {fffig
1636 2052 1663 2093 at

469 2106 562 2165 trans
593 2122 683 2164 mare
713 2099 840 2163 iturum
874 2099 1082 2185 praedixerat.
1128 2098 1206 2163 Jarn
1236 2098 1316 2163 filiis
1339 2099 1408 2163 suis
1429 2100 1523 2164 bene·
1539 2109 1655 2159 Lineoln.

470 2198 615 2266 dictio'ne
638 2202 681 2265 ad
704 2202 820 2264 missas
843 2201 911 2266 ritu
933 2200 1061 2265 solenni
1084 2201 1184 2281 data3
1217 2200 1275 2264 illa
1306 2200 1430 2265 scilicet
1461 2223 1526 2286 qua
1539 2192 1661 2309 Qvi·

469 2304 660 2369 benedicere
678 2303 763 2389 jussi
787 2306 866 2368 sunt
888 2303 966 2366 filiis
990 2301 1094 2367 lsrael
1116 2302 1300 2368 sacerdotes
1323 2302 1360 2366 in
1382 2303 1453 2388 lege
1468 2325 1526 2389 per
1539 2293 1553 2306 ”
1589 2296 1628 2309 ”“

472 2407 617 2491 Moysen,
643 2426 742 2491 quam
765 2405 820 2469 ille
842 2405 880 2469 in
902 2404 1158 2470 benedictionali
1181 2427 1240 2470 suo
1263 2404 1362 2471 scribi
1384 2405 1506 2471 fecerat
1518 2431 1526 2485 ;

471 2508 719 2572 commendatus
751 2506 957 2572 orationibus
988 2507 1203 2593 singulorum,
1228 2512 1328 2591 atque
1351 2507 1455 2572 libato
1477 2508 1527 2572 in-

472 2611 576 2674 vicem
607 2615 720 2674 sancto
754 2610 845 2694 pacis
877 2608 997 2689 osculo,
1020 2609 1194 2672 universos
1228 2610 1525 2686 commendaverat,

471 2713 579 2776 verbis
602 2712 797 2798 apostolicis,
820 2711 892 2775 Deo
923 2717 957 2776 et
982 2711 1084 2775 verbo
1107 2708 1224 2797 gratiae
1248 2709 1324 2794 ejus.
1372 2710 1463 2787 Inde,
1487 2716 1526 2776 ut
1540 2720 1599 2770 Act.
1613 2737 1659 2770 xx.

472 2815 675 2900 pnemissum
698 2820 756 2891 est,
780 2814 905 2879 directo
935 2814 1016 2878 celle
1046 2812 1089 2877 ad
1124 2811 1307 2877 manerium
1329 2819 1525 2900 pervenerat
1537 2794 1589 2919 ἢ

471 2917 706 3002 supradictum,
1540 2908 1656 3000 Busiden.

518 3019 588 3082 Ubi
620 3041 695 3083 cum
728 3016 841 3105 paucis
875 3022 1025 3081 maneret
1057 3015 1181 3093 diebus,
1220 3016 1409 3104 suggeritur
1442 3017 1473 3082 ei
1507 3042 1528 3082 a

473 3122 596 3185 decano
618 3121 720 3184 vicini
744 3120 815 3196 loci,
840 3119 1067 3184 mulierculam
1099 3119 1275 3204 quamdam
1307 3120 1343 3183 in
1367 3120 1529 3187 decanatu

472 3249 540 3302 suc,
553 3248 626 3309 quae
641 3226 794 3311 spiritum
811 3224 980 3288 videretur
995 3225 1116 3288 habere
1132 3224 1359 3310 pythonicum,
1373 3226 1531 3311 plmimas
1544 3252 1600 3301 The
1612 3253 1671 3302 nise

474 3329 516 3392 ad
540 3350 574 3391 se
597 3326 779 3391 divinando
803 3327 918 3391 turbas
941 3327 1129 3413 pertrahere
1152 3326 1353 3412 populorum.
1401 3327 1531 3392 Indica-
1545 3334 1650 3368 ΝΜ·

473 3431 533 3494 bat
563 3429 651 3494 enim
685 3428 807 3515 passim
845 3429 942 3505 furta,
980 3452 1001 3493 a
1031 3428 1282 3514 quibuscunque
1313 3428 1465 3509 admissa,
1496 3436 1531 3495 et

474 3534 602 3598 occulta
623 3553 762 3618 quaeque
786 3530 980 3618 retegebat¹
1005 3531 1172 3597 maleficia
1219 3530 1256 3596 Si
1281 3553 1359 3596 vero
1383 3532 1425 3596 ab
1450 3532 1529 3619 ipso,
1592 3561 1631 3608 ar.

475 3641 514 3700 ut
528 3636 617 3700 idem
638 3636 749 3700 aiebat
776 3635 926 3715 decanus,
941 3656 1000 3699 seu
1014 3658 1035 3699 a
1050 3634 1167 3720 quovis
1182 3633 1324 3699 discreto
1348 3640 1382 3699 et
1396 3634 1531 3701 literato

475 3738 546 3802 viro
577 3736 837 3802 conveniebatur
867 3757 965 3822 super
998 3736 1059 3800 hoc
1093 3742 1153 3801 aut
1183 3736 1430 3824 corripiebatur,
1453 3760 1531 3803 mox
1544 3761 1649 3811 Heriu-

475 3839 666 3926 importuna
687 3838 811 3924 linguae
834 3836 989 3902 volubilis
1012 3837 1194 3916 dicacitate,
1219 3845 1412 3925 arguentem
1434 3828 1655 3945 eami'tlolflmible

477 3942 570 4027 quasi
593 3940 766 4026 stupidum
795 3939 955 4005 reddebat
981 3945 1016 4005 et
1048 3939 1235 4027 elinguem:
1272 3941 1383 4025 sicque
1418 3964 1531 4007 omnes
1587 3912 1644 3961 gne.

476 4043 688 4108 verbositatis
735 4040 905 4107 affluentia
950 4040 1166 4129 opprimebat,
1214 4046 1254 4107 ut
1302 4041 1413 4107 nullus
1458 4066 1531 4108 eam

476 4143 649 4224 euincere,a
672 4149 732 4208 aut
754 4143 786 4209 ei
808 4143 978 4209 silentium
1000 4143 1128 4209 valeret
1150 4142 1325 4229 imponere.

523 4247 578 4312 Ad
612 4248 682 4312 hac
714 4246 830 4311 statim
864 4246 1045 4332 episcopus,
1084 4253 1102 4280 “
1119 4243 1226 4327 Jam,''
1274 4246 1395 4332 inquit,
1430 4252 1531 4315 “non

478 4354 594 4435 “post
624 4348 747 4414 multos
777 4348 847 4413 dies
878 4348 1067 4413 Londonias
1090 4346 1224 4425 adituri,
1254 4370 1330 4415 cum
1361 4372 1419 4437 per
1450 4352 1531 4417 fines

480 4459 496 4487 “
519 4456 647 4517 vestros
678 4450 858 4516 transitum
891 4451 1057 4528 faciemus,
1081 4449 1247 4516 adduces⁴
1280 4452 1373 4517 illam
1403 4454 1440 4518 in
1462 4455 1531 4521 loco

479 4562 496 4589 “
519 4559 707 4640 opportuno
729 4551 766 4617 in
782 4573 951 4618 occursum
966 4551 1101 4619 nostri.”
1148 4552 1245 4635 Quod
1267 4560 1302 4621 et
1324 4555 1450 4621 factum
1474 4562 1531 4624 est.

514 4852 666 4920 ¹retoyebat]
692 4852 728 4904 So
747 4851 825 4912 Ms.;
844 4854 984 4919 detegebat,
1063 4856 1208 4923 ἐνέπεσε]
1236 4857 1271 4909 So
1293 4856 1350 4909 MS.
1370 4858 1421 4909 und
1438 4856 1481 4909 W.
1500 4858 1532 4907 de

479 4932 540 4983 Pez.
552 4934 603 4982 and
613 4932 656 4984 W.
669 4933 700 4983 de
708 4932 812 4984 Worde.
1028 4933 1142 4996 Worde;
1162 4936 1319 4997 convincere,
1330 4936 1389 4987 Per.

1064 5013 1205 5081 wadan]
1234 5014 1269 5067 So
1289 5014 1368 5077 Ms.;
1396 5014 1533 5078 adducetis,

515 5092 604 5158 ἐπι]
623 5091 748 5155 80Μὸ.;
769 5090 850 5153 illum,
859 5091 920 5144 Pei.
1030 5092 1092 5145 Pet.
