4125 6334
786 1211 890 1262 niara
910 1212 942 1274 v,
966 1209 1037 1263 car.
1055 1205 1102 1261 xi.
1410 1199 1471 1264 291

417 1372 575 1461 impletur
599 1378 681 1443 illud
707 1380 795 1465 quod
822 1381 904 1445 dicit
928 1379 1108 1467 Scriptura,
1132 1380 1294 1467 “Impius
1317 1403 1391 1448 cum
1414 1405 1470 1447 vc·
1483 1385 1641 1442 Proaxviu.

419 1485 434 1511 ‘³
458 1479 546 1544 nerit
574 1480 610 1545 in
641 1482 842 1568 profundum
874 1484 1038 1549 malorum
1070 1483 1281 1549 contemnit.’'
1326 1485 1468 1550 Utinam
1483 1458 1507 1503 ³'

416 1602 495 1646 vero
524 1584 701 1650 imminens
722 1585 858 1651 vexatio
885 1587 943 1651 det
973 1587 1004 1651 ei
1035 1585 1251 1667 intellectum,
1283 1589 1322 1653 ut
1351 1588 1469 1654 saltem

416 1688 495 1750 tunc
518 1688 651 1754 studeat
674 1694 834 1755 aeternam
856 1689 965 1755 vitare
988 1690 1220 1768 calamitatem,
1243 1713 1319 1756 cum
1345 1695 1472 1778 tempo-

415 1787 517 1853 ralem
540 1790 693 1858 funditus
717 1794 851 1858 amittet
873 1796 1083 1879 potestatem,
1107 1797 1143 1859 et
1164 1794 1205 1858 de
1228 1793 1362 1860 siriistra
1377 1817 1412 1860 se
1435 1795 1472 1858 in

416 1891 588 1958 dexteram
617 1894 798 1961 transferat
827 1894 969 1981 supremi
1004 1894 1143 1973 Judicis,
1176 1916 1251 1961 cum
1283 1898 1472 1983 experietur

415 1993 497 2077 quid
519 1994 642 2062 habeat
664 1996 819 2083 ponderis
837 1995 1002 2083 judicium
1026 1996 1114 2084 quod
1140 1998 1351 2085 parvipendit
1374 2000 1472 2065 eccle·

415 2095 558 2162 siasticae
581 2097 777 2164 severitatis.
824 2098 866 2163 Id
882 2099 970 2164 enim
985 2119 1019 2164 se
1034 2099 1200 2165 facturum
1223 2100 1259 2164 in
1282 2099 1352 2167 loco
1375 2122 1469 2190 aupe-

414 2197 483 2263 rius
506 2205 687 2267 memorato
709 2200 857 2267 asseruit.

460 2301 634 2368 Transiens
657 2304 787 2391 quippe,
803 2307 838 2369 et
863 2323 965 2368 manu
989 2303 1125 2371 trahens
1147 2325 1258 2371 secum
1283 2306 1576 2393 episcopumJohn's

415 2403 459 2467 ad
480 2406 640 2490 parietem
665 2406 863 2493 oppositum,
879 2406 973 2493 eique
997 2407 1175 2473 ostendens
1196 2430 1296 2496 reges,
1316 2409 1449 2496 specios'
1480 2385 1547 2447 g⁰⁰d
1558 2399 1626 2434 '⁰⁸⁰'

1440 2433 1469 2474 rs
1521 2450 1527 2460 -

416 2506 590 2594 insignitos
612 2509 748 2589 coronis,
773 2508 921 2595 angelico
943 2510 1047 2575 ductu
1061 2509 1098 2575 in
1113 2510 1271 2597 gaudium
1293 2512 1470 2577 tendentes
1480 2450 1621 2566 qqqqxpuqs

415 2611 547 2695 superni
563 2612 685 2699 Regis:
712 2620 728 2646 ‘⁴
745 2610 849 2690 Hos,''
871 2612 991 2697 inquit,
1014 2619 1032 2647 “
1045 2612 1177 2678 domine
1200 2613 1357 2700 episcope,
1372 2613 1468 2678 nobis
1480 2582 1520 2696 ἓξ
1526 2584 1638 2699 qqqprks

415 2718 432 2744 ‘¹
457 2711 566 2796 potius
588 2718 772 2779 monstrare
795 2713 979 2795 debuistis3
1002 2736 1143 2801 quorum
1168 2714 1354 2801 exemplum
1369 2719 1469 2801 atque
1482 2715 1608 2778 sculpture

415 2821 432 2846 “
455 2817 654 2881 consortium
677 2818 770 2904 sequi
794 2823 828 2883 et
850 2816 978 2902 assequi
1000 2816 1159 2882 habemus
1181 2817 1218 2881 in
1241 2816 1357 2883 votis.”
1386 2817 1466 2882 Tam
1476 2782 1621 2912 fgfflssit

416 2937 491 2981 vero
514 2917 550 2982 in
571 2925 667 3005 gestu
690 2924 724 2985 et
746 2920 859 2996 affatu,
874 2916 1010 3005 paucis¹
1028 2925 1103 3006 post
1127 2918 1196 2985 haec
1219 2917 1343 2998 diebus,
1359 2919 1468 2985 humi·
1481 2939 1530 2989 His
1541 2956 1614 2990 over-

416 3018 480 3083 lem
503 3043 537 3085 se
564 3024 758 3088 ostendebat
781 3026 816 3087 et
838 3021 1048 3101 submissum,
1066 3026 1104 3087 ut
1122 3021 1291 3089 videretur
1314 3024 1468 3089 excedere
1479 3009 1553 3123 ἓξὲξ
1554 3007 1638 3123 ffile

415 3122 555 3187 modum.
611 3124 867 3189 Occurrentibus
890 3122 979 3189 sibi⁹
1008 3124 1177 3206 mendicis,
1209 3147 1246 3190 ac
1268 3126 1378 3191 fausta
1405 3125 1465 3189 im·
1479 3141 1617 3190 uehaviour

414 3225 632 3309 precantibus,
656 3247 787 3314 corpore
812 3226 987 3291 incurvato
1014 3230 1049 3291 et
1071 3226 1178 3313 capite
1203 3227 1304 3293 altius
1327 3228 1466 3294 demisso
1478 3208 1604 3337 {⁰⁸2}an

414 3328 539 3412 gratias
577 3328 752 3417 diligenter
789 3328 975 3394 referebat:
1015 3326 1198 3394 salutantes
1235 3351 1268 3394 se
1305 3350 1468 3416 pannosas

414 3430 516 3495 etiam
551 3433 697 3498 aniculas
730 3431 904 3498 mitissime
935 3430 1147 3497 resalutabat.
1207 3431 1254 3496 At
1285 3453 1363 3497 vero
1394 3436 1468 3519 post

413 3533 570 3612 triduum,
601 3535 787 3601 laetificatos
809 3557 878 3600 non
905 3531 1115 3599 mediocriter
1150 3555 1193 3599 ex
1223 3534 1283 3614 his,
1307 3540 1378 3599 tam
1401 3535 1468 3621 epi·
1540 3554 1578 3600 97.

415 3657 549 3723 scopum
571 3648 673 3723 quam'
696 3643 730 3704 et
754 3638 836 3704 alios
858 3638 924 3703 ista
947 3636 1195 3725 conspicientes,
1210 3659 1253 3703 ex
1276 3637 1350 3701 aliis
1365 3639 1466 3724 gestis

415 3743 450 3803 et
483 3739 581 3805 dictis
615 3742 804 3827 incongruis
835 3740 942 3806 multo
973 3739 1116 3827 amplius
1148 3741 1367 3805 contristavit.
1414 3739 1467 3804 Ex

414 3841 541 3926 quibus,
564 3841 674 3929 gratia
699 3843 884 3929 compendii
912 3842 1056 3930 plurima
1079 3842 1329 3929 supprimentes,
1364 3865 1468 3928 pauca

415 3944 606 4025 referimus3
629 3949 669 4010 ut
693 3945 846 4031 conjiciat
861 3944 1006 4031 prudens
1028 3943 1172 4022 auditor,
1188 3943 1247 4008 nbi
1271 3942 1372 4008 talem
1396 3967 1465 4029 per-

414 4046 567 4132 penderit
604 4047 757 4125 radicem,
795 4049 925 4134 qualem
958 4045 1121 4111 aestimare
1152 4041 1251 4109 liceat
1282 4052 1467 4110 secuturam

414 4149 582 4215 fructuum
605 4171 647 4215 ex
670 4150 784 4216 eadem
807 4150 924 4214 arbore
946 4146 1162 4213 fertilitatem.

461 4251 545 4319 Cum
561 4254 673 4340 igitur,
690 4254 744 4319 die
767 4251 987 4318 sacratissimo
1012 4243 1258 4315 resurrectionis
1274 4245 1466 4328 Dominicae,
1480 4266 1570 4318 nester

415 4356 585 4422 oblaturus
607 4378 650 4421 ex
672 4377 762 4421 more
777 4355 844 4420 ad'
859 4376 976 4419 manus
991 4349 1177 4418 accessisset
1192 4351 1333 4439 episcopi
1348 4352 1467 4418 altario
1479 4335 1599 4465 {225⁸ss

414 4458 606 4536 assistentis,
622 4481 723 4524 aurea
745 4458 775 4523 ei
802 4457 1004 4522 numismata
1026 4477 1048 4519 a
1071 4453 1269 4520 cubiculario
1291 4477 1359 4534 suo,
1382 4457 1467 4521 sicut
1479 4468 1572 4517 Johnu
1601 4439 1607 4451 ’

414 4584 485 4627 mos
507 4562 617 4649 regius
640 4561 804 4649 exigebat,
820 4560 953 4625 bissena
976 4558 1143 4623 dabantur
1158 4556 1194 4621 in
1208 4558 1351 4645 palmam
1365 4584 1373 4639 ;
1396 4560 1466 4624 hacc
1479 4541 1579 4597 ΜΨ

1479 4601 1529 4649 and
1540 4600 1601 4650 ure·

414 4666 478 4739 ille,
501 4665 644 4751 stipatus
667 4665 815 4750 undique
830 4663 920 4727 haud
935 4662 1064 4726 modica
1086 4660 1185 4725 turba
1207 4661 1376 4737 nobilium,
1392 4682 1465 4724 cum
1479 4674 1567 4715 vereat
1579 4668 1620 4717 be

414 4772 517 4832 staret
543 4774 630 4831 ante·
644 4768 842 4854 equiscopum,
858 4765 986 4829 diutius
1008 4763 1141 4828 intuens
1156 4768 1191 4827 et
1205 4763 1300 4848 quasi
1321 4762 1464 4826 ludendo
1479 4733 1584 4848 ffi'g‘
1596 4740 1622 4782 at

414 4870 598 4956 exagitans,
621 4876 691 4934 tam
707 4870 765 4935 diu
780 4872 895 4934 otierre
918 4867 1057 4943 distulit,
1075 4888 1242 4953 quousque
1266 4885 1377 4929 omnes
1392 4885 1466 4928 eum
1480 4866 1582 4915 senice.

605 5013 824 5020 ——s.—.-...-—
835 5011 950 5019 ..ι-ο..-
975 5013 997 5017 -.
1020 5009 1153 5017 ..-------

449 5085 456 5116 ¹
466 5084 571 5153 pascis]
598 5085 634 5138 So
656 5085 733 5147 Ms.;
757 5085 802 5137 iile
827 5087 921 5150 paucis,
999 5083 1082 5151 'sitq
1102 5079 1225 5142 aona,
1243 5080 1292 5132 sibi
1304 5081 1393 5145 obiter,
1405 5079 1465 5134 Pes.

415 5166 476 5217 Per.
999 5163 1068 5229 1ιιά]
1088 5164 1123 5215 So
1134 5162 1191 5213 MS.
1202 5181 1209 5223 ς
1226 5161 1269 5212 illc
1280 5163 1320 5224 ad,
1331 5162 1392 5213 Per.

1269 5258 1290 5307 r
1314 5244 1335 5308 2
