4125 6334
802 1166 905 1214 unsa
926 1165 959 1227 v,
981 1164 1054 1214 can
1079 1165 1131 1214 111.
1419 1149 1484 1219 237

477 1341 557 1405 Post
596 1341 674 1420 haec,
709 1340 781 1425 jam
815 1339 956 1427 expletis
997 1339 1151 1405 omnibus
1181 1361 1256 1425 quae
1286 1341 1322 1403 in
1352 1339 1487 1404 ecclesia
1500 1342 1658 1392 'l'heelerk's

432 1444 563 1509 fuerant
593 1444 788 1530 peragenda,
819 1443 954 1508 clericus
986 1444 1045 1527 qui
1077 1442 1143 1507 ista
1184 1449 1406 1529 conspexerat,
1437 1464 1488 1506 ac·
1501 1417 1608 1539 {ffihm

432 1546 549 1611 cedens
571 1546 613 1610 ad
637 1567 753 1619 verum
769 1545 905 1610 Domini
920 1545 1129 1623 sacerdotem,
1145 1546 1259 1611 taliter
1281 1546 1312 1610 ei
1333 1545 1490 1611 secretius

433 1660 485 1713 est
514 1650 662 1714 loeutus:
697 1649 878 1713 “Domine
904 1655 1007 1735 pater,
1038 1648 1162 1727 vobis,''
1195 1648 1317 1734 iuquit,
1352 1647 1490 1712 “habeo

432 1761 450 1786 “
473 1752 583 1839 aliqua
612 1751 742 1827 referre,
778 1774 852 1837 quae
881 1757 1037 1829 vestram,
1068 1751 1097 1817 si
1133 1751 1249 1839 placet,
1279 1752 1490 1817 sanctitatem

433 1864 452 1889 “
476 1853 671 1941 diligentius
693 1860 846 1941 oporteat
868 1852 1013 1919 audire.''
1058 1853 1209 1940 Cumque
1233 1854 1327 1919 flexis
1352 1852 1490 1941 genibus

432 1958 500 2021 ista
537 1979 645 2022 coram
676 1978 714 2022 eo
745 1960 830 2021 esset
860 1960 1062 2043 prosecutus,
1093 1956 1146 2021 vir
1175 1956 1311 2021 Domini
1345 1978 1419 2022 cum
1452 1977 1489 2021 eo

431 2058 586 2124 secedens
608 2080 629 2123 a
651 2059 750 2123 turba
779 2056 948 2123 seorsum¹
983 2080 1075 2124 secus
1106 2058 1211 2124 altare
1242 2058 1372 2136 resedit,
1395 2058 1489 2143 eique

433 2161 579 2248 proferre
614 2182 688 2247 quse
713 2161 872 2226 voluisset
895 2160 1016 2226 leniter
1053 2162 1239 2248 imperavit,
1286 2162 1371 2226 Tum
1409 2161 1487 2226 ille:

432 2274 450 2298 “
474 2263 517 2327 In
531 2262 703 2340 crastin0,''
717 2263 838 2349 inquit,
858 2263 1086 2329 “festivitatis
1108 2264 1268 2330 Omnium
1284 2264 1490 2341 Sanctorum,
1502 2270 1613 2352 Morroy
1624 2273 1655 2323 of

433 2373 452 2401 “
476 2388 549 2452 quse
572 2367 634 2430 hac
655 2366 728 2451 ipsa
761 2365 947 2452 septimana
979 2367 1145 2433 celebrata
1177 2373 1236 2444 est,
1271 2389 1347 2432 cnm
1371 2339 1657 2463 psalte-ssssflsffflss‘

432 2476 451 2504 ‘²
475 2470 561 2534 rium
592 2468 628 2532 in
661 2469 804 2554 quadam
835 2469 968 2534 ecclesia
998 2470 1207 2535 decantarem
1229 2491 1288 2556 pro
1315 2469 1488 2534 animabus
1503 2473 1646 2560 sontem,

433 2582 449 2605 “
473 2571 621 2636 fidelium
644 2570 883 2649 defunctorum,
908 2572 1082 2658 sicutipse
1104 2572 1158 2637 die
1173 2572 1316 2637 solennis
1339 2571 1489 2637 exhiberi
1502 2539 1566 2588 nov.
1579 2546 1601 2589 2¹

434 2685 451 2708 “
476 2697 589 2738 earum
622 2674 782 2739 memoria
813 2674 905 2751 solet,
929 2696 998 2739 vox
1027 2674 1181 2760 quaedam
1211 2675 1323 2739 subito
1354 2674 1489 2738 auribus
1502 2678 1558 2728 The
1569 2680 1638 2729 clerk

435 2787 451 2811 “
476 2778 558 2841 meis
584 2778 701 2864 illapsa
730 2782 789 2852 est,
814 2798 889 2861 quae
919 2776 1029 2841 verbis
1059 2776 1313 2842 absolutissimis
1344 2777 1466 2842 diceret
1480 2802 1487 2841 :
1501 2745 1652 2872 Ῑζξῗζζ,ἶοῃ

434 2888 452 2913 “
476 2887 484 2914 ‘
502 2878 623 2965 Surge}
638 2879 798 2964 inquiens,
817 2877 895 2957 ‘fili,
919 2883 954 2943 et
967 2900 1065 2965 perge
1081 2880 1146 2944 cito
1161 2878 1204 2942 ed
1228 2877 1488 2943 Lineolniensern
1501 2877 1595 2957 vuius
1612 2895 1627 2929 a

434 2992 450 3016 ‘³
475 2983 708 3069 ‘episcopum3
730 2982 882 3066 dicesque
905 2982 936 3046 oi
959 3003 1000 3046 ex
1023 2986 1117 3067 parte
1141 2981 1215 3059 Dei,
1239 2982 1396 3068 quatinus
1422 2947 1658 3074 mo·2,¹,}¹0”{},¹⁰⁰⁵‘

435 3095 451 3119 “
478 3090 581 3149 ‘neat
612 3084 805 3170 diligentius
839 3083 1112 3150 Cantauriensem
1139 3084 1427 3171 archiepiscopum,
1451 3088 1490 3148 ut
1503 3079 1589 3142 Hugh.

434 3198 451 3221 “
477 3188 625 3274 ‘pariter
649 3209 758 3253 secum
782 3186 879 3251 solito
910 3186 1105 3272 vigilantius
1135 3185 1289 3252 intendat
1320 3186 1364 3251 ad
1393 3187 1490 3252 corri-
1562 3200 1601 3248 7⁵.

435 3299 453 3325 ‘·'
481 3289 650 3374 ‘gendum
672 3295 796 3354 statum
832 3288 910 3353 cleri
943 3294 977 3353 et
1003 3288 1219 3354 ecclesiarum.
1266 3289 1377 3354 Nimis
1402 3290 1490 3353 enim

436 3402 454 3427 “
480 3392 685 3458 ‘offenditur
707 3391 822 3456 divina
845 3390 1001 3475 majestas
1023 3413 1083 3477 per
1105 3413 1144 3455 ea
1168 3412 1242 3477 quae
1267 3390 1491 3456 indesinenter

435 3503 454 3531 “
480 3496 590 3559 ‘fiunt
614 3518 635 3559 a
665 3494 847 3558 rectoribus
881 3492 1089 3559 ecclesiarum
1113 3499 1147 3558 et
1186 3515 1300 3559 earum
1323 3494 1490 3558 ministris

433 3607 452 3633 ‘³
476 3597 693 3663 ‘Sacerdotes
720 3597 818 3676 enim,
835 3602 869 3661 et
892 3596 1034 3662 aliorum
1057 3596 1221 3682 graduum
1243 3618 1399 3683 personae,
1423 3616 1491 3661 om-
1507 3603 1665 3654 Sadstatcof

434 3712 453 3735 “
478 3700 638 3765 ‘niniodo
672 3700 831 3764 vitiorum
863 3721 991 3786 genere,
1025 3701 1169 3765 maxime
1200 3707 1313 3766 autem
1350 3699 1493 3764 luxurias
1506 3670 1652 3736 1111111111

436 3813 454 3839 “
479 3803 654 3868 ‘sordibus
698 3802 826 3880 foedati,
863 3803 1076 3867 sacramentis
1114 3803 1238 3868 divinis
1275 3826 1318 3869 ex
1355 3803 1492 3889 indigno

435 3916 452 3940 “
478 3915 631 3971 ‘accessu
647 3904 800 3991 injuriosi
823 3904 1015 3982 existentes,
1039 3927 1078 3970 ea
1093 3906 1311 3971 irreverenter
1333 3905 1492 3970 sumendo

434 4018 454 4043 “
478 4012 602 4092 ‘atque
635 4007 820 4084 tractando,
844 4013 1008 4092 quantum
1032 4007 1068 4070 in
1099 4029 1132 4071 se
1165 4011 1216 4071 est
1246 4005 1393 4092 polluere
1425 4029 1493 4070 non

434 4119 452 4145 “
478 4119 486 4145 ‘
502 4115 664 4174 verentur.
710 4109 797 4195 Ipsae
813 4109 954 4173 eeclesiae
969 4108 1124 4194 indignis,
1139 4114 1173 4173 et
1196 4108 1266 4173 Deo
1289 4108 1331 4172 ob
1347 4108 1493 4195 perditos

435 4224 452 4249 “
477 4221 606 4278 ‘mores
627 4212 753 4290 invisis,
775 4212 898 4299 passim
921 4211 963 4276 ad
1000 4211 1180 4298 regendum
1211 4210 1391 4276 traduntur
1421 4234 1493 4298 per-

436 4329 452 4351 “
478 4316 609 4397 ‘sonis3
631 4339 652 4380 a
681 4315 803 4402 quibus
833 4338 928 4402 saepe,
951 4336 1045 4379 more·
1064 4313 1260 4379 secularium
1283 4316 1492 4401 praediorum,

438 4429 456 4453 “
481 4418 579 4483 ‘aliis
616 4425 716 4503 atque
758 4417 833 4482 aliis
872 4415 1110 4502 relinquuntur
1150 4416 1193 4480 ed
1231 4416 1368 4495 firmam,
1404 4419 1491 4504 quod

436 4531 452 4555 “
478 4521 711 4607 ‘emphitosim
741 4519 816 4583 alii‘
832 4524 1045 4607 nuncupant3
1078 4524 1183 4605 utque
1217 4520 1300 4585 viles
1333 4521 1491 4598 tabernae,

437 4634 455 4658 “
481 4624 550 4687 ‘sie
581 4622 733 4702 ecclesiae,
768 4622 876 4707 turpis
907 4620 991 4687 lucri
1022 4622 1131 4708 gratia
1162 4622 1224 4687 sub
1247 4644 1358 4688 annuo
1392 4646 1490 4688 censu

436 4734 456 4761 ‘¹
482 4725 655 4790 ‘locentur
676 4724 720 4788 ad
745 4729 916 4810 quaestum.
964 4723 1028 4788 His
1056 4724 1096 4788 dc
1129 4747 1207 4789 eura
1229 4726 1424 4804 animarum,
1451 4725 1491 4788 de

435 4838 452 4863 “
478 4828 728 4912 ‘indigentibus
767 4827 994 4892 sustentandis
1040 4850 1083 4892 ex
1127 4828 1290 4893 fructibus
1339 4826 1489 4904 ecclesiae,

440 5003 647 5014 ,-.*-——
663 5009 889 5016 *-

715 5122 721 5151 ¹
734 5120 853 5186 seorsum]
873 5120 908 5171 So
921 5119 981 5170 Pes.
993 5139 1001 5177 ς
1018 5121 1144 5180 deorsum,
1155 5119 1213 5170 Ms.
