4125 6334
768 1147 869 1196 urana
892 1147 937 1208 Ν,
961 1148 1032 1197 cnr.
1051 1149 1126 1197 xm.
1425 1138 1489 1199 211
1540 1142 1541 1145 ’

436 1340 457 1382 a
480 1340 546 1405 quo
568 1340 603 1385 so
625 1318 770 1385 maxime
785 1321 1055 1407 praepediendum
1070 1322 1185 1389 multis
1203 1322 1275 1414 jam
1290 1326 1493 1410 argumentis

436 1422 616 1487 certissime
638 1424 871 1509 praenoscebat
905 1424 984 1491 ¹Sed
1007 1446 1075 1490 non
1097 1425 1135 1489 in
1157 1425 1292 1513 longum
1315 1449 1368 1491 res
1390 1427 1493 1493 latere

437 1546 512 1590 eum
535 1530 674 1613 poterat.
722 1526 804 1591 Mox
826 1548 902 1613 ergo
924 1527 976 1591 ita
990 1528 1128 1615 pedibus
1143 1550 1247 1614 usque
1269 1529 1312 1593 ad
1334 1530 1494 1595 interiora
1506 1533 1586 1596 Hugh
1597 1534 1644 1583 sol·

436 1628 539 1693 vicini
562 1630 704 1695 nemoris
728 1651 803 1694 eum
825 1630 1002 1708 insecutus,
1026 1630 1078 1696 his
1101 1630 1196 1696 illum
1218 1631 1362 1697 affatur:
1388 1633 1494 1697 “Par·
1507 1600 1660 1732 ffiselss's.

439 1739 455 1767 ‘⁴
478 1739 532 1797 cat
554 1734 645 1811 tibi‚''
673 1734 795 1819 inquit,
819 1734 1061 1820 “omnipotens
1084 1734 1183 1813 Deus,
1205 1735 1309 1801 frater
1331 1735 1606 1813 Einardeltulltts¹

438 1841 455 1869 “
480 1835 570 1916 Quid
584 1837 673 1901 enim
696 1842 754 1914 cst,
783 1837 872 1922 quod
894 1859 991 1923 agere
1015 1837 1215 1903 decrevisti?
1259 1838 1349 1919 Quid
1371 1840 1494 1925 absquo
1508 1802 1642 1853 urthhrm.

435 1938 610 2004 “alumno
642 1944 703 2004 tuo
737 1938 895 2017 recedere,
930 1960 1047 2026 meque
1078 1939 1193 2017 solum,
1227 1945 1261 2006 et
1296 1941 1495 2008 destitutum

436 2048 453 2074 “
479 2040 566 2107 dulci
607 2042 783 2109 nutritoris
818 2041 946 2122 solatio,
976 2042 1014 2108 in
1050 2049 1140 2108 terra
1170 2043 1278 2108 aliena
1311 2045 1495 2131 relinquere

436 2150 453 2178 “
478 2145 655 2230 cogitasti?
699 2145 746 2211 Et
769 2145 905 2232 quidem
928 2167 997 2211 non
1020 2145 1137 2233 ignoro
1161 2168 1261 2231 quam
1288 2146 1345 2233 pio
1368 2148 1496 2213 duceris

436 2252 456 2281 “
478 2247 650 2328 desiderio,
674 2252 714 2313 ut
740 2270 901 2336 supremae
927 2248 999 2335 jam
1023 2248 1105 2313 vitae
1135 2252 1203 2314 tuae
1230 2248 1387 2335 reliquias
1409 2252 1496 2316 inter

436 2354 454 2383 “
477 2355 606 2416 sanctos
621 2350 824 2437 Burgrmdiae
839 2352 995 2416 eremitas
1010 2350 1197 2438 expendere
1211 2352 1329 2418 valeas.
1371 2352 1495 2418 Verum

437 2459 454 2486 “
478 2474 530 2518 me
552 2455 663 2541 potius
686 2460 722 2520 et
745 2455 831 2519 ratio
863 2459 960 2542 urget
990 2458 1025 2520 et
1055 2453 1219 2535 voluntas,
1251 2460 1290 2520 ut
1320 2455 1355 2519 id
1387 2456 1495 2541 ipsum

436 2564 452 2589 ‘⁶
475 2556 601 2642 agam”
651 2558 816 2623 Extracto
848 2557 954 2644 igitur
984 2556 1108 2622 annulo
1132 2557 1314 2643 pontificali
1337 2579 1357 2621 a
1381 2558 1495 2644 digitu,

434 2664 470 2723 et
485 2662 648 2726 accersitis
670 2663 713 2727 ad
735 2684 769 2726 se
785 2659 910 2725 clericis
926 2660 1003 2737 suis,
1020 2660 1068 2723 ait
1084 2659 1149 2724 cis:
1175 2668 1192 2695 “
1209 2659 1262 2724 Ite
1279 2661 1494 2745 quamtocius,

436 2769 455 2797 “
478 2768 513 2829 et
535 2764 622 2830 hunc
644 2765 815 2831 vobiscum
838 2763 999 2829 annulum
1031 2760 1225 2838 deferentes,
1248 2784 1286 2827 ac
1312 2762 1495 2827 salutantes

436 2872 455 2900 “
479 2868 587 2933 verbis
609 2869 733 2934 nostris
757 2868 908 2933 dominos
935 2871 1066 2931 nostros
1090 2864 1343 2945 Lincolnicnses,
1369 2866 1495 2930 denun-

436 2977 453 3003 “
476 2970 560 3036 tiata
583 2971 650 3036 illis
673 2972 831 3058 quatinus
859 2970 923 3034 sibi
955 2970 1060 3033 alium
1090 2967 1291 3055 provideant
1313 2974 1348 3033 et
1371 2969 1496 3055 eligant
1578 2971 1580 2975 ’

434 3082 452 3108 “
477 3074 674 3159 pontificem,
705 3079 744 3138 ut
774 3071 893 3138 nobis¹
928 3073 1069 3137 amicam
1103 3072 1202 3137 liceat
1236 3070 1348 3136 fovere
1380 3072 1495 3137 solitu-

436 3184 455 3210 “
480 3177 598 3243 dinem.
642 3178 753 3242 Nimis
769 3178 826 3242 diu
842 3182 903 3256 est,
920 3197 963 3240 ex
983 3198 1049 3261 quo
1065 3175 1154 3241 inter
1176 3175 1361 3240 mundanos
1383 3171 1498 3240 versor

436 3287 453 3312 “
477 3280 644 3361 turbines;
679 3286 801 3345 sanctae
834 3277 1092 3344 conversacionis
1123 3277 1298 3354 dulcedini,
1322 3278 1359 3341 in
1389 3300 1498 3363 quaa

438 3391 581 3469 “puero
612 3383 743 3461 coalui?
772 3404 876 3447 vanas
906 3387 940 3447 et
979 3402 1108 3446 amaras
1138 3381 1367 3468 occupationes
1397 3380 1496 3466 hujus

436 3493 455 3519 “
478 3486 577 3552 seculi
599 3508 668 3551 non
690 3491 777 3551 recte
800 3482 1036 3573 anteponens.”

482 3588 577 3653 Talia
600 3611 638 3655 eo
664 3595 890 3676 prosequente,
922 3588 1041 3653 timere
1073 3586 1175 3674 coepit
1206 3608 1244 3651 ac
1275 3591 1415 3652 tremere
1444 3585 1497 3650 vir

434 3691 493 3758 ille
515 3692 774 3773 desideriorum
809 3714 907 3777 quem
938 3692 1081 3757 ducebat
1111 3713 1179 3756 non
1205 3690 1344 3755 dulcedo
1374 3689 1497 3754 natalis
1510 3708 1665 3761 Danista

435 3794 508 3871 soli,
546 3796 603 3861 sed
640 3796 786 3883 flagrans
824 3817 917 3860 amor
954 3795 1046 3881 poli;
1084 3794 1246 3878 stetitque
1284 3793 1495 3879 stupefactus.

435 3896 530 3962 Tunc
555 3899 679 3963 clericis
707 3919 806 3984 super
828 3897 890 3961 tali
912 3896 1098 3961 infortunio
1122 3895 1409 3980 conquerentibus,
1433 3917 1498 3981 quo

436 4021 497 4087 per
519 4023 594 4066 eum
620 4023 679 4066 suo
703 4001 812 4066 forent
843 4005 974 4087 pastore
998 3998 1211 4076 destituendi,
1239 4003 1273 4062 et
1296 4020 1496 4084 exaggerari·
1553 4015 1585 4060 64
1598 4011 1622 4059 b.

435 4103 529 4168 tibus
543 4105 755 4170 vehementer
777 4103 1023 4168 incommodum
1040 4101 1138 4187 hujus
1153 4099 1243 4180 mali,
1260 4098 1340 4179 illc,⁸
1355 4100 1498 4170 suffusus

435 4206 592 4291 lacrymis
622 4214 657 4272 ct
690 4207 907 4293 ingemiscens
938 4205 1096 4292 graviter,
1132 4202 1271 4290 pedibus
1307 4203 1501 4269 advolvitur

436 4311 586 4397 praesulis
608 4311 723 4376 sancti
770 4310 920 4396 Cumque
943 4329 999 4372 ore
1021 4306 1163 4370 facundo
1186 4311 1287 4392 atque
1310 4307 1499 4373 doctissimo

435 4411 563 4479 laicus⁴
578 4415 729 4502 episcopo
752 4414 917 4478 niteretur
939 4415 1014 4475 tum
1036 4409 1188 4495 precibus
1218 4414 1292 4474 tum
1315 4410 1500 4476 rationibus

434 4518 637 4604 persuadere,
654 4518 732 4603 quia
751 4538 820 4581 non
839 4516 887 4580 ita
909 4514 1025 4579 liceret
1046 4512 1111 4579 sibi
1132 4511 1297 4580 divinitus
1312 4515 1501 4581 commissas

389 4649 392 4654 ·
435 4620 622 4708 relinquere
647 4642 734 4698 oves,
757 4641 817 4685 nec
841 4618 937 4683 illum
960 4616 1048 4683 flecti
1079 4617 1281 4703 conspiceret
1305 4617 1367 4684 hcc
1393 4618 1499 4697 modo,

473 4875 573 4942 ¹nobr's]
593 4876 628 4928 So
647 4875 726 4935 MS.;
747 4874 820 4925 nobis
842 4875 873 4925 de
894 4889 943 4924 οω-
1026 4872 1101 4939 ’ἰΙὶε]
1121 4871 1246 4932 Solita
1264 4869 1475 4931 fraterillefflez.

438 4962 503 5015 tero,
514 4956 573 5006 Pez.
1027 4953 1139 5018 4Ιιιὶοιιε]
1173 4954 1208 5003 so
1236 4949 1309 5007 Ms.;
1339 4949 1420 4999 laicus
1448 4948 1501 5008 ille,

474 5034 696 5102 παριιενοοοαῐιιι]
717 5033 943 5098 Sodamus-
993 5032 1053 5082 Pes.

438 5115 509 5180 cipio
518 5116 594 5177 calui,
605 5116 665 5167 Pez.

1300 5190 1366 5252 02
