4125 6334
570 1139 636 1202 242
792 1149 875 1199 uma
898 1151 923 1200 s,
947 1149 1105 1200 nueoms
1126 1147 1396 1198 muoouumusm.

571 1326 768 1393 audivimus.
814 1325 879 1391 Oui
901 1326 991 1391 inter
1016 1324 1082 1389 alia
1111 1324 1147 1389 id
1169 1343 1300 1409 quoque
1322 1320 1506 1387 revelatum
1528 1319 1633 1387 fuisse

403 1450 520 1501 Pressas
572 1430 708 1515 abipso
730 1428 922 1514 accepimus,
946 1427 1026 1514 quia
1047 1430 1196 1493 sanctam
1215 1426 1386 1491 civitatem
1410 1424 1632 1501 Hierusalem,

402 1517 648 1634 ffiffiffffl'quae
674 1531 801 1616 pridem
831 1531 953 1595 uostris
984 1530 1190 1617 temporibus
1219 1549 1241 1594 a
1270 1528 1441 1593 Saracenis
1471 1530 1634 1614 occupata

405 1649 540 1715 coveryof
573 1639 632 1711 est,
647 1634 769 1698 nostris
784 1654 915 1720 quoque
930 1633 1046 1697 diebus
1068 1632 1262 1697 miraculose
1276 1631 1319 1695 ab
1334 1652 1447 1695 eorum
1467 1629 1634 1694 instantia

406 1717 548 1833 ffissm
573 1736 664 1802 omui
686 1737 917 1823 potentissima
939 1736 1169 1822 Redemptoria
1186 1733 1292 1799 nostri
1314 1733 1434 1820 eripiet
1448 1731 1632 1798 clementia.

405 1850 535 1902 §moena
574 1839 672 1920 Quod
693 1861 732 1904 eo
747 1840 860 1927 magis,
884 1840 1019 1905 favente
1042 1837 1191 1923 ejusdem
1211 1836 1347 1902 Domini
1370 1835 1475 1901 hostii
1494 1834 1633 1921 pietate,

573 1941 769 2008 confidimus
806 1942 1063 2028 adimplendum,
1099 1962 1163 2026 quo
1196 1939 1268 2026 jam
1299 1939 1443 2027 pluiima
1479 1937 1635 2003 videmus

573 2045 719 2132 impleta,
750 2065 824 2131 quae
854 2044 1023 2131 implenda
1054 2043 1162 2108 adhuc
1196 2041 1226 2107 ei
1264 2041 1441 2107 didicimus
1478 2040 1635 2106 similiter

574 2153 783 2234 praeosteusa
829 2146 896 2213 Sed
921 2146 963 2212 de
984 2145 1038 2211 his
1059 2144 1121 2212 hoe
1143 2144 1279 2211 iuterim
1302 2144 1425 2210 dixisse
1447 2140 1599 2210 sufficiat

951 2470 1161 2539 ommutuit
1188 2469 1246 2537 IV.

578 2661 626 2727 De
648 2659 760 2726 eodem
788 2664 997 2726 accremento
1031 2658 1134 2725 uliud
1164 2658 1376 2746 alapeadwm
1406 2658 1492 2725 cotia
1524 2658 1637 2725 anica-

665 2762 793 2842 calam,
829 2762 919 2849 qaod
949 2764 994 2827 ia
1017 2762 1173 2829 Francia
1203 2761 1352 2847 concipit.
1398 2763 1443 2828 lat
1465 2762 1636 2828 amicalia

666 2864 900 2933 maturabitis
923 2886 1031 2953 quom
1053 2865 1158 2952 Hapo
1179 2871 1293 2932 aoeies
1314 2864 1397 2931 lade
1415 2863 1612 2951 protelo-it.

623 3031 674 3094 De
689 3030 821 3096 vivifico
837 3035 950 3095 autem
966 3035 1183 3096 sacrosanctae
1200 3031 1406 3097 eucharistiae
1421 3036 1637 3109 sacramento,

503 3186 509 3196 .
578 3134 686 3197 adhuc
715 3133 833 3198 referre
856 3133 1016 3220 quiddam
1040 3156 1108 3199 non
1130 3134 1263 3200 videtur
1292 3134 1519 3222 incongruum,
1546 3134 1636 3219 quod

578 3237 615 3301 in
638 3233 776 3301 Galliis¹
801 3237 955 3303 accidisse
970 3237 1085 3302 multis
1104 3242 1154 3303 est
1177 3238 1397 3306 manifestum.
1445 3236 1542 3317 Quod
1556 3237 1638 3303 licet

578 3346 770 3406 cunctorum
807 3341 931 3406 notitia
968 3340 1116 3404 fidelium
1154 3341 1355 3406 aestimemus
1393 3340 1636 3427 dignissimum,

453 3444 457 3452 ’
578 3444 733 3530 praesenti
756 3447 868 3507 tamen
890 3442 1038 3508 historiae
1064 3442 1101 3507 id
1122 3465 1143 3507 a
1164 3443 1260 3508 nobie
1285 3444 1421 3508 minime
1444 3442 1560 3508 fuisset
1585 3443 1637 3508 in-

579 3553 711 3621 seitum,
744 3546 772 3608 si
802 3565 869 3608 nou
892 3544 935 3607 ad
965 3545 1026 3609 hoc
1057 3545 1269 3610 inserendum
1300 3546 1390 3611 illius
1421 3568 1480 3610 nos
1502 3550 1638 3632 urgeret

580 3646 756 3723 sententia,
789 3646 829 3708 de
863 3668 899 3710 re
931 3647 1001 3732 ipsu
1033 3648 1233 3713 mirabiliter
1266 3649 1401 3735 prolata,
1430 3649 1488 3733 qui
1518 3648 1637 3714 horum

580 3748 728 3812 onmium
752 3769 826 3832 quae
853 3748 982 3834 pagiuae
1017 3750 1096 3815 huic
1131 3752 1322 3816 inseruntur
1353 3752 1491 3817 materia
1521 3758 1573 3817 est
1603 3756 1638 3816 et

580 3872 686 3914 causa.

453 3964 530 4025 June,
627 3953 693 4018 Hic
722 3953 828 4039 igitur
858 3954 1001 4039 quodam
1032 3960 1180 4044 tempore
1203 3979 1224 4021 a
1246 3957 1481 4022 Parisiensium
1512 3957 1639 4045 digres-

414 4029 569 4161 ffi'veffissg
582 4079 637 4121 sus
669 4057 814 4135 civitate,
846 4058 926 4122 dum
962 4057 1103 4122 Trecas2
1139 4065 1276 4145 peteret,
1311 4060 1492 4125 metatione
1530 4061 1639 4147 prima

413 4164 478 4212 from
490 4165 564 4214 Paris
582 4160 770 4245 hospitatus
794 4164 844 4223 est
867 4161 903 4223 in
926 4161 1007 4225 villa
1030 4162 1174 4247 quadum
1204 4163 1227 4226 J
1229 4164 1260 4227 oi
1286 4168 1484 4250 nuncupata
1533 4164 1638 4229 Moris

413 4231 563 4364 ffirssffgg
583 4284 661 4327 vero
702 4262 751 4324 illi
796 4262 869 4340 fuit,
908 4264 1095 4350 ubicunque
1133 4266 1299 4352 hospitio³
1337 4290 1405 4333 sese
1444 4268 1637 4354 excepisset,

414 4364 495 4481 ‘3³⁰¹
525 4432 533 4481 1
583 4364 813 4451 presbyterum
836 4368 1063 4453 parochialem,
1088 4390 1162 4433 cum
1186 4370 1327 4435 ecclesiae
1357 4370 1445 4434 illius
1468 4371 1638 4448 ministris,

414 4433 548 4565 {ffls
582 4468 625 4531 ad
657 4488 751 4531 suam
788 4470 932 4535 invitare
970 4493 1137 4552 mensam;
1174 4474 1276 4537 verbo
1313 4473 1502 4557 frequenter
1540 4477 1639 4537 utens

413 4582 520 4713 {Iupffi’
537 4668 569 4702 on
582 4592 656 4636 oum
681 4569 810 4635 liberali
834 4573 978 4657 quadam
1004 4573 1216 4658 jocunditate
1247 4576 1290 4640 ad
1320 4597 1415 4640 suum
1444 4576 1638 4663 dapifemnn‚

617 4876 622 4904 ¹
640 4873 746 4939 Galliis]
761 4875 796 4924 So
808 4875 865 4925 MS.
880 4897 886 4936 ;
906 4876 999 4935 Gallia,
1011 4877 1070 4926 Pez.
1133 4888 1159 4929 to
1179 4880 1221 4929 the
1240 4880 1319 4932 Great
1331 4881 1603 4946 Chartreuae.—Infra
1614 4898 1638 4933 v.

614 4956 625 4984 ²
641 4954 745 5019 Treoua]
761 4955 1007 5020 Thisjoumcyfrom
1015 4957 1088 5007 Paris
1135 4965 1173 5021 13,
1185 4961 1202 5009 i.
1218 4966 1273 5010 103.

581 5036 690 5083 towards
710 5035 807 5099 Troyca
819 5052 871 5085 was
889 5034 915 5084 in
936 5037 1086 5089 aeneai).
1164 5039 1301 5106 ⁸lampetio]
1330 5040 1365 5090 So
1387 5039 1463 5100 MS.;
1488 5040 1635 5105 hospitium,

585 5116 657 5174 120⁰,
674 5113 747 5165 when
759 5115 840 5182 Hugh
858 5132 909 5168 was
924 5131 957 5168 on
976 5113 1017 5168 hle
1028 5132 1087 5186 way
1130 5119 1190 5171 Pez.
