4125 6334
555 1117 621 1183 224
779 1132 859 1181 mm
882 1133 908 1183 a
932 1131 1088 1182 uuooms
1110 1131 1380 1181 muconnrrxsrs

598 1301 776 1380 Alveriam,
791 1309 826 1369 et
848 1304 936 1391 apud
959 1305 1024 1369 alia
1046 1305 1135 1370 inter
1149 1305 1219 1371 haec
1240 1306 1319 1371 loca
1365 1304 1411 1369 Et
1425 1302 1611 1370 incidentia

598 1403 761 1490 plurima¹
787 1406 990 1494 singrdorum
1013 1408 1167 1473 locorum

555 1503 746 1592 Capitulum
770 1507 1020 1575 XV.—Relatio
1041 1511 1243 1598 interpolata
1262 1511 1328 1576 riae
1353 1509 1458 1597 ipsius
1479 1532 1501 1573 a
1524 1509 1612 1574 Bur·

430 1625 497 1675 son.
597 1609 722 1695 gundia
751 1633 854 1697 usquc
881 1611 1101 1678 Londonias:
1137 1636 1203 1699 quo
1234 1612 1380 1689 tandem,
1405 1612 1609 1699 aegritudine

571 1707 833 1799 'praegravatus‚
856 1714 995 1801 appulit.

554 1812 758 1881 xvir-De
781 1817 938 1903 languore
969 1817 1074 1903 ipsius
1107 1816 1197 1904 apud
1229 1815 1424 1881 Londonias
1485 1816 1535 1882 Et
1565 1817 1609 1881 de

596 1917 740 1982 transitu
763 1918 834 2006 ejus
855 1918 898 1983 ad
930 1918 1120 1984 Dominum.
1181 1919 1228 1983 Et
1259 1918 1400 2006 plurima
1430 1918 1473 1983 de
1501 1919 1610 2006 gestis

597 2019 771 2107 verbisque
807 2019 1008 2108 languentis,
1044 2020 1270 2087 recordatione
1307 2020 1442 2108 perenni
1479 2020 1610 2107 dignis-

598 2122 712 2187 simis.⁸

554 2222 821 2304 wi-Quod
842 2223 948 2290 multa
969 2225 1184 2291 consimiliter
1211 2228 1448 2311 praecesserunt
1469 2227 1505 2287 et
1527 2222 1609 2288 sub-
1680 2212 1684 2218 ⁵

597 2328 709 2391 secuta
724 2332 802 2391 sunt
819 2326 994 2391 beatorum
1010 2327 1237 2414 episcoporum
1252 2326 1392 2391 Martini
1407 2327 1612 2391 Turonensis

596 2432 632 2493 et
654 2427 811 2515 Hugonis
833 2428 1075 2494 Lincolniensis
1104 2429 1294 2496 transitum
1349 2429 1396 2494 Et
1417 2428 1483 2493 alia
1512 2450 1608 2514 qua*-

597 2532 672 2597 dam
706 2532 743 2596 in
777 2531 913 2597 modum
947 2531 1069 2619 epilogi
1103 2532 1144 2597 de
1173 2531 1272 2597 rebus
1308 2531 1411 2596 variis
1448 2531 1609 2618 Hugonis

596 2655 716 2700 nomen
738 2635 1005 2722 contingentibus
1027 2633 1157 2721 scripta

552 2735 797 2804 xvfflfl-De
824 2737 927 2803 trium
959 2736 1126 2804 visionum
1160 2736 1418 2803 revelationibus
1448 2736 1609 2824 Hugonis

595 2839 710 2925 gloriae
733 2839 998 2925 astipulantibus.

553 2940 756 3020 xlm-De
778 2941 955 3028 multiplici
978 2942 1093 3007 decore
1108 2941 1233 3007 funeris
1255 2941 1377 3029 ipsius3
1401 2947 1435 3006 et
1455 2942 1497 3007 de
1511 2965 1607 3009 curn-

595 3044 685 3109 tione
709 3042 859 3127 ejusdem.
906 3044 952 3109 Et
982 3043 1023 3110 de
1053 3043 1106 3108 his
1130 3067 1205 3130 quae
1235 3043 1364 3110 obiter⁴
1394 3066 1497 3131 usque
1526 3045 1608 3111 Lin-

597 3146 737 3210 colniam
757 3147 981 3212 memorabilia
995 3146 1082 3212 circa
1096 3169 1213 3234 corpus
1226 3148 1424 3212 acciderunt.
1465 3147 1608 3214 Necnon

596 3255 631 3314 ct
657 3249 698 3314 de
721 3271 856 3315 occursu
877 3271 992 3338 regum
1015 3238 1166 3329 duorum,
1192 3256 1226 3315 et
1248 3249 1387 3316 aliorum
1409 3250 1606 3316 sublimium

596 3352 742 3417 virorum
765 3352 1066 3429 innumerabilium,
1089 3352 1146 3437 qui
1169 3352 1331 3438 portando
1354 3351 1473 3417 feretro
1488 3351 1609 3418 hume-

596 3475 650 3518 ros
672 3454 822 3519 certatim
846 3454 1086 3539 supponebant.

553 3554 746 3642 Capitulum
785 3555 973 3620 XX—-De
1011 3555 1178 3641 scriptoris
1216 3555 1403 3621 intentione
1441 3555 1499 3641 qui
1537 3558 1608 3624 ista

597 3656 741 3741 digessit.
803 3656 847 3720 Et
885 3657 963 3742 quia
1001 3658 1152 3743 pontifex
1185 3665 1325 3735 sanctus,
1360 3658 1488 3722 delatus
1526 3682 1606 3726 oum

597 3780 717 3843 magna
739 3758 844 3844 gloria
873 3758 910 3822 in
944 3760 1111 3826 ecclesiam
1146 3783 1248 3838 suam,
1271 3760 1360 3825 sibi³
1383 3761 1495 3826 subito
1519 3762 1608 3829 facio

596 3862 780 3938 immutata,
803 3862 1005 3928 rubicundus
1032 3864 1195 3949 apparuit.
1242 3862 1293 3927 De
1317 3864 1423 3927 tribus
1447 3886 1521 3949 quae
1543 3889 1606 3931 an·

594 3970 727 4051 tequam
762 3965 956 4051 sepeliretur
993 3966 1116 4029 ibidem
1147 3971 1281 4051 patrata
1311 3970 1390 4029 sunt
1427 3968 1607 4036 miraculis

596 4068 646 4133 De
679 4069 749 4133 loco
778 4069 956 4155 sepulturae
990 4068 1070 4153 ejus.
1117 4067 1162 4132 Et
1197 4067 1237 4131 de
1272 4069 1358 4154 regis
1391 4068 1608 4154 mitigatione

594 4194 671 4257 crgo
693 4171 922 4237 Cisterciensos
946 4170 988 4235 ob
1011 4170 1155 4256 gratiam
1179 4169 1290 4256 ipsius,

871 4357 1078 4446 Expliciont
1103 4356 1275 4445 Oapitnlo.

590 4504 886 4512 --------.—.-—-—-—›
1283 4503 1336 4509 --—
1349 4502 1573 4512 ——.---·

583 4574 721 4641 ¹plurirna]
751 4576 786 4627 So
809 4576 865 4627 MS.
889 4585 915 4627 at
936 4578 1002 4628 head
1025 4577 1056 4626 οἰ
1127 4575 1309 4643 ’ᾰίᾳκίεεὶπιὲε]
1330 4577 1365 4627 So
1376 4577 1432 4627 MS.
1445 4577 1527 4637 here3
1546 4580 1609 4644 dig-

549 4671 603 4720 cap.
619 4661 647 4704 14
661 4655 729 4719 infra
736 4676 744 4713 ς
760 4655 926 4720 plurimorum
937 4657 1004 4707 here.
1094 4655 1199 4705 niesima
1210 4664 1236 4705 at
1246 4656 1312 4706 head
1323 4657 1352 4706 of
1360 4672 1414 4719 cap.
1427 4661 1457 4706 16
1470 4657 1549 4720 insto.

1127 4736 1135 4765 ⁴
1148 4734 1238 4800 obiter]
1258 4735 1293 4784 So
1312 4735 1368 4787 MS.
1380 4745 1406 4785 at
1423 4734 1488 4784 head
1501 4737 1532 4785 of
1545 4753 1605 4804 cap.

581 4812 854 4879 ’XV1....X1X.]
874 4813 985 4875 Solia,
999 4815 1050 4865 Ca·
1096 4820 1125 4866 19
1139 4814 1224 4878 infia3
1241 4815 1337 4864 obitum
1349 4815 1416 4865 herc.

546 4892 649 4959 pilulum
660 4893 738 4958 being
754 4893 859 4944 omitted
871 4893 897 4941 in
910 4893 980 4943 these
995 4894 1052 4943 four
1126 4892 1209 4959 ’sitq
1230 4894 1264 4944 So
1276 4895 1331 4947 MS.
1344 4896 1404 4944 here
1412 4912 1419 4953 ;
1439 4893 1475 4944 ibi
1489 4902 1516 4945 at
1534 4895 1606 4948 head

549 4989 625 5023 cnsrs.
1094 4974 1124 5022 os
1132 4990 1185 5038 cap.
1199 4979 1231 5022 20
1244 4975 1320 5038 infra
