4125 6334
525 1105 591 1174 346
748 1116 831 1169 vua
853 1120 879 1170 a
903 1119 1059 1172 nuoonrs
1082 1117 1352 1171 nraoonmnnsra
1393 1118 1395 1122 ’

530 1296 648 1363 tudina
670 1294 885 1381 percellentis,
918 1295 976 1361 sed
997 1294 1068 1362 dies
1088 1296 1199 1383 potius
1219 1296 1451 1365 misericordiae
1486 1298 1589 1366 delic-

530 1403 604 1464 tum
627 1418 723 1462 omne
745 1396 922 1463 clementer
944 1398 1153 1485 ignoscentis,
1182 1402 1217 1464 et
1245 1400 1364 1486 gratias
1392 1398 1518 1466 leniter
1547 1402 1586 1467 in

526 1523 605 1587 paca
627 1500 735 1587 ipsum
757 1499 955 1581 refoventis3
977 1505 1158 1587 praestante
1179 1522 1227 1581 eo,
1243 1502 1301 1587 qui
1323 1502 1583 1569 misericordiam

524 1611 559 1672 ct
581 1604 758 1670 veritatem
780 1625 856 1668 eum
888 1604 1025 1691 diligere
1046 1606 1083 1670 in
1105 1605 1197 1670 omni
1218 1605 1291 1671 vita
1312 1627 1373 1672 sua
1393 1606 1483 1684 fecit,
1506 1607 1583 1693 qui·

524 1730 590 1793 que
612 1708 642 1772 ei
665 1706 808 1792 gratiam
832 1711 866 1772 et
888 1706 1026 1793 gloriam
1047 1706 1083 1771 in
1099 1708 1174 1773 vita
1195 1713 1230 1774 et
1252 1707 1289 1773 in
1311 1713 1419 1774 morte
1439 1729 1502 1774 sna
1524 1710 1581 1775 de-

524 1811 583 1886 dit,
607 1809 688 1874 Jesu
712 1809 845 1875 Christo
867 1809 1012 1876 Domino
1045 1812 1168 1891 nostro,
1194 1832 1255 1897 per
1286 1832 1384 1897 quem
1410 1812 1521 1897 gratia
1544 1818 1581 1878 et

525 1913 646 1978 veritas
677 1913 766 1977 facta
801 1917 861 1989 est,
893 1911 952 1997 qui
984 1933 1060 1978 cum
1093 1912 1195 1978 Patre
1227 1918 1263 1979 et
1295 1913 1425 2000 Spiritu
1455 1913 1579 1981 Sancto

522 2015 610 2080 vivit
633 2019 667 2081 ct
689 2019 815 2102 regnat,
831 2013 923 2079 Deus
944 2013 1136 2080 benedictus
1158 2015 1195 2080 in
1217 2016 1333 2081 secula
1377 2016 1495 2083 Arnen.

867 2303 1075 2370 Carnunux
1099 2304 1213 2370 XVII.

524 2474 622 2560 Quod
652 2473 765 2540 mol-to
796 2471 1023 2541 annotator
1057 2483 1301 2563 praecesserunt
1339 2483 1370 2543 ct
1403 2477 1579 2546 aabsecato

611 2584 693 2643 aaut
717 2576 890 2642 teotonem
924 2574 1162 2664 episcoporum
1184 2577 1340 2645 Martini
1363 2580 1578 2647 Tarocwwa

612 2687 641 2746 et
675 2677 840 2764 Hoyoua's
870 2677 1128 2746 Liacohu'cuot's
1166 2679 1363 2747 tramitum.
1418 2684 1464 2749 Et
1501 2682 1579 2749 alia

611 2780 770 2868 qaoecloot
808 2779 852 2846 ἐπ
888 2780 1032 2848 modam
1070 2781 1204 2869 epilogi,
1250 2782 1291 2850 de
1328 2781 1429 2851 reboo
1465 2785 1578 2855 coriis

612 2882 776 2969 Haponr'a
797 2903 924 2950 nomeu
946 2881 1222 2970 coatiopcrcta'baa
1244 2883 1381 2974 scalpta.

566 3040 660 3119 Cum,
692 3040 831 3103 duorum
857 3040 927 3126 jam
950 3041 1114 3106 mensium
1143 3042 1260 3129 spatio,
1296 3042 1576 3110 Linoolniensinm

520 3142 626 3229 gloria
657 3141 760 3229 Hugo
789 3147 883 3206 artus
912 3142 1004 3208 febre
1041 3143 1177 3230 jugiter,
1207 3149 1248 3210 ut
1277 3146 1484 3231 praemissum
1516 3155 1577 3228 eat,

354 3244 389 3295 St
402 3244 496 3295 Maron
520 3246 710 3311 fatiscentes
721 3244 864 3331 'spiritui
887 3245 1010 3310 servire
1033 3246 1199 3332 coegisset,
1216 3247 1353 3313 Martini
1368 3248 1576 3316 Turonorum

352 3310 493 3429 &⁰35²
519 3349 651 3437 gloriosi
682 3348 846 3413 antistitis
874 3347 1039 3414 festivitas
1061 3353 1206 3435 coeperat
1237 3351 1416 3417 imminere.
1463 3353 1576 3438 Hujus

405 3465 461 3513 121.
519 3452 574 3517 ille
607 3452 642 3515 in
675 3451 764 3516 omni
796 3451 869 3515 vita
899 3472 959 3515 sua
991 3451 1098 3516 cultor
1129 3457 1163 3517 et
1194 3452 1369 3518 {emulator
1400 3454 1578 3541 peculiaris

520 3556 696 3619 extiterat:
719 3553 909 3638 frequenter
931 3574 1060 3637 quoque
1083 3554 1118 3617 in
1135 3554 1284 3619 oratione
1298 3576 1366 3635 sua,
1383 3562 1419 3621 et
1441 3559 1576 3643 patroni

520 3657 571 3721 arri
595 3654 698 3719 verba
721 3658 959 3738 usurpaverat3
994 3655 1208 3741 omniumque
1232 3657 1290 3720 uni
1317 3679 1395 3721 vero
1428 3659 1574 3726 Domino

519 3761 590 3825 hac
613 3757 718 3821 cordia
741 3762 775 3821 ct
797 3756 959 3820 labiorum
984 3779 1118 3822 atrorum
1138 3764 1219 3824 vota
1252 3764 1401 3845 precator
1434 3763 1575 3848 supplex

351 3870 451 3936 Hugh’s
519 3860 730 3948 profuderat:
768 3866 785 3893 “
803 3857 953 3935 Domine,
980 3860 1051 3945 jam
1087 3862 1166 3926 satis
1192 3867 1242 3926 est
1266 3863 1354 3947 quod
1377 3862 1443 3927 huc
1468 3886 1575 3950 usque

351 3953 441 4002 pm
452 3939 491 3988 sor
521 3974 527 3999 ‘
615 3962 708 4041 tavi;
743 3965 777 4025 et
811 3962 838 4025 si
871 3963 976 4046 parcis
1011 3962 1138 4028 diutius
1173 3963 1335 4041 anxianti,
1366 3965 1492 4029 bonum
1524 3974 1576 4033 est

350 4006 443 4055 release
455 4012 480 4055 at
530 3977 614 4028 ‘⁰⁰¹¹

350 4072 392 4119 tho
405 4070 465 4119 time
520 4077 536 4104 “
560 4067 649 4131 milri.
698 4065 782 4141 Fiat,
801 4064 951 4141 Domine,
967 4064 1007 4129 de
1031 4087 1084 4129 mo
1100 4065 1254 4129 voluntas
1277 4072 1344 4130 tua.
1391 4065 1456 4131 Oui
1480 4068 1571 4134 non¹

351 4137 505 4254 ffitsgtssf'
518 4180 534 4205 “
558 4169 699 4233 resultat
722 4168 756 4230 in
778 4168 840 4232 hoc
863 4172 896 4231 et
920 4167 1074 4232 voluntas
1097 4189 1178 4243 mea,
1202 4167 1264 4233 fiat
1287 4173 1325 4232 ut
1347 4169 1409 4233 sub
1425 4175 1576 4257 tempore

350 4270 400 4320 val.
519 4281 535 4306 “
559 4270 633 4334 festi
657 4268 782 4331 domini
814 4269 878 4332 mei
910 4268 1016 4333 sancti
1041 4268 1188 4346 Martini,
1220 4274 1335 4355 optata
1364 4276 1440 4356 post
1462 4274 1576 4339 varios

519 4377 593 4436 “et
623 4372 798 4435 immensos
828 4370 954 4435 labores
989 4370 1100 4435 missio
1132 4371 1330 4436 concedatur
1363 4373 1453 4438 mihi.
1499 4375 1574 4442 Sub

519 4487 535 4510 “
559 4475 666 4554 istius,
682 4473 710 4537 si
735 4473 851 4559 placet,
877 4473 967 4538 ducis
993 4479 1027 4538 ct
1050 4473 1197 4560 signiferi
1222 4474 1327 4551 tui‚O
1352 4474 1424 4540 Rex
1446 4477 1573 4563 gloriae,

517 4586 536 4614 “
559 4579 643 4642 festo
669 4574 869 4661 triumphali,
905 4576 1032 4659 quode
1063 4576 1181 4640 mundi
1204 4576 1302 4661 hujus
1333 4577 1479 4666 principe
1512 4582 1574 4645 tri-

519 4689 536 4718 “
560 4680 682 4766 urnpho
705 4678 832 4764 potitus
856 4682 1004 4741 extremo
1028 4678 1070 4741 acl
1094 4684 1127 4742 te
1150 4680 1312 4763 pervenit,
1335 4686 1369 4745 ot
1399 4702 1460 4755 me,
1491 4682 1572 4749 licet

551 4995 624 5053 luca,
640 4992 696 5056 piu]
721 4990 804 5038 'l'hcrc
822 5003 902 5037 seems
917 4987 1060 5054 something
1080 5004 1167 5055 wrong
1189 4989 1266 5049 hem
1291 4992 1339 5039 trial
1358 4990 1456 5042 instead
1475 4993 1507 5043 of
1523 5010 1569 5043 non

516 5071 600 5123 would
610 5086 711 5121 remove
723 5069 764 5119 the
775 5067 905 5131 difficulty.
