4125 6334
599 1124 661 1189 166
819 1136 902 1186 vrrs
924 1135 950 1187 s
973 1134 1131 1188 nuscum
1153 1135 1423 1189 ursoommnsrs

978 1420 1188 1487 Girrrmuu
1208 1420 1267 1487 IV.

598 1590 697 1674 Quod
717 1589 809 1657 iuter·
830 1589 995 1657 miramo
1007 1588 1152 1677 placitos,
1168 1596 1198 1658 et
1213 1596 1340 1686 coortus
1360 1590 1405 1659 cire
1425 1601 1532 1681 caput
1546 1616 1653 1662 amun

686 1694 848 1776 merca,
877 1693 976 1761 tertio
1008 1716 1076 1780 pro
1107 1692 1289 1761 mamam
1320 1693 1468 1781 potitiae
1499 1696 1653 1786 seipsam

687 1795 856 1863 iacturam
878 1796 1036 1883 objecerit.
1092 1796 1137 1863 Et
1159 1796 1258 1885 quod,
1285 1798 1463 1865 exercendo
1491 1799 1653 1885 plautae

687 1899 910 1966 cccbeiuaticoe
933 1897 1172 1979 districtionis,
1191 1897 1367 1987 plwriowa
1390 1899 1522 1970 dederit
1544 1902 1589 1970 ia
1602 1925 1652 1971 re·

682 2002 828 2090 probam
848 2008 988 2068 mortem
1011 2000 1137 2068 aarum.

642 2160 742 2248 Regis
765 2159 933 2226 mitissimi
955 2161 1056 2246 atque
1071 2160 1243 2225 fortissimi
1264 2161 1427 2248 praeconia
1449 2179 1543 2228 saera
1557 2162 1651 2229 nobis

595 2265 787 2329 insinuante
809 2262 990 2349 Scriptura,
1015 2263 1137 2327 dicitur
1160 2263 1201 2327 dc
1232 2262 1353 2341 David,
1377 2264 1465 2351 quod
1488 2266 1559 2353 ipse
1582 2271 1652 2331 erat

431 2376 522 2444 cmg.
597 2366 833 2431 “tenerrimus
863 2363 946 2453 ligni
976 2363 1205 2431 vermiculus.'’
1259 2365 1357 2453 Ligni
1387 2369 1510 2455 quippe
1532 2369 1653 2435 vermi·

430 2450 502 2499 ¹¹ffi·
516 2456 539 2500 ⁸·
596 2469 669 2535 culo
692 2469 777 2533 sicut
799 2467 884 2532 nihil
906 2465 1013 2532 lenius
1035 2468 1209 2534 invenitur
1230 2490 1305 2533 cum
1320 2470 1490 2555 premitur,
1505 2471 1556 2537 ita
1578 2494 1650 2538 cum

596 2572 727 2660 premit,
750 2571 799 2636 nil
822 2593 856 2636 se
879 2572 986 2637 exerit
1009 2594 1048 2636 ec
1071 2571 1264 2637 mordacius.
1312 2572 1412 2638 Unde
1434 2574 1475 2639 flt
1496 2579 1537 2640 ut
1559 2576 1651 2641 nulla

596 2698 728 2763 prorsus
770 2697 822 2741 res
865 2680 935 2739 tam
973 2672 1104 2739 minute
1141 2674 1309 2741 terebrare
1346 2675 1487 2741 sufficiat
1524 2677 1650 2765 lignum

474 2801 541 2848 iou.
596 2778 817 2855 durissimum,
831 2782 872 2843 ut
894 2778 978 2843 solet
993 2778 1144 2842 minutus
1158 2776 1214 2844 ille
1237 2776 1411 2865 mollisque
1433 2779 1651 2861 vermiculus;

597 2882 655 2967 qui
689 2887 723 2947 et
755 2878 936 2946 duritiem¹
976 2881 1012 2944 in
1046 2880 1225 2966 pulverem,
1258 2885 1294 2945 et
1325 2880 1472 2947 ostendit
1498 2884 1651 2949 tabidum

597 2984 686 3068 quod
717 2983 858 3047 solidum
893 2982 1082 3068 putabatur.
1144 2982 1227 3063 Qum
1258 2983 1388 3069 plenius
1417 2984 1588 3071 assignare
1617 2987 1651 3051 in

597 3085 779 3151 virtutibus
802 3083 1014 3170 virideque
1037 3081 1222 3171 specialiter
1244 3106 1265 3149 a
1288 3085 1432 3152 Domino
1452 3087 1652 3174 perhibetur,

432 3186 558 3245 Aetatis.
597 3188 685 3276 quod
707 3187 875 3254 invenerit
897 3188 1007 3252 virum
1030 3186 1210 3253 secundum
1229 3210 1285 3254 cor
1307 3211 1413 3267 suum,
1428 3190 1509 3256 dum
1524 3197 1653 3259 constet

596 3315 664 3356 non
687 3313 756 3357 esse
779 3290 937 3377 temporis
963 3311 1021 3355 seu
1052 3290 1159 3378 operis
1188 3290 1297 3377 hujus,
1321 3292 1482 3378 inspicere
1503 3293 1587 3360 libet
1609 3318 1651 3360 an

431 3408 577 3457 Davidem
597 3396 680 3460 sorte
703 3394 739 3458 in
763 3393 918 3479 Hugonis
940 3391 1046 3459 nostri
1069 3392 1217 3459 moribus
1247 3394 1317 3461 haec
1343 3396 1559 3463 inveniantur
1583 3398 1651 3464 sive

431 3477 518 3539 Hugh.
598 3496 757 3584 operibus
816 3495 987 3560 Praeeonia
1018 3517 1161 3581 namque
1192 3496 1258 3560 viri
1289 3497 1494 3564 admirabilis
1517 3501 1652 3568 mirifice

599 3600 791 3685 exprimunt
822 3598 982 3662 voeabula
1013 3598 1079 3662 tria
1110 3598 1188 3676 haec,
1223 3600 1343 3685 quibus
1376 3603 1518 3687 qualitas
1550 3606 1652 3691 ipsius

599 3702 761 3767 diffinitur
783 3721 857 3764 cum
880 3697 1012 3777 dicitur,
1038 3700 1144 3786 “Ipse
1161 3707 1232 3765 erat
1255 3702 1453 3775 tenerrimus
1475 3705 1559 3792 ligni
1583 3727 1652 3772 ver·

599 3811 618 3840 “
641 3801 807 3867 miculus.''
852 3801 894 3865 In
910 3802 1112 3867 “tenerrimo
1123 3801 1140 3826 ''
1156 3804 1291 3868 docetur
1304 3805 1387 3868 lenis
1402 3810 1436 3870 ct
1451 3815 1651 3886 mansuetus,

599 3909 635 3972 in
659 3905 808 3991 “ligno'’
830 3904 925 3969 fortis
948 3910 982 3969 et
1004 3904 1169 3983 robustus,
1193 3906 1228 3968 in
1260 3907 1465 3972 “vcirniculo
1478 3908 1497 3933 ''
1519 3908 1652 3976 humilis

601 4009 794 4084 ostenditur,
832 4008 932 4093 iuquc
971 4009 1039 4072 suis
1078 4009 1178 4073 oculis
1215 4009 1362 4073 modicus
1400 4015 1434 4074 et
1472 4011 1651 4099 despectus.

602 4117 709 4197 Quum
729 4135 807 4177 vero
831 4113 858 4175 is
881 4112 1031 4175 extiterit
1048 4133 1105 4197 per
1127 4112 1295 4175 lenitatem
1313 4114 1433 4177 mentis
1448 4117 1652 4194 tenerrimus,

601 4238 765 4303 quamque
787 4213 887 4279 fuerit
910 4236 953 4279 ex
975 4214 1174 4279 humilitatis
1200 4215 1308 4300 gratia
1331 4216 1425 4299 quasi
1449 4219 1653 4297 vermiculus,

601 4319 664 4383 sibi
687 4317 810 4381 scilicet
833 4317 909 4380 vilis
932 4320 967 4381 et
990 4317 1078 4402 apud
1105 4338 1139 4381 se
1165 4316 1330 4397 minimus,
1356 4340 1397 4380 ex
1420 4317 1470 4382 his
1497 4322 1654 4409 perpendi

601 4419 787 4486 evidentius
809 4420 940 4504 poterit,
964 4441 1037 4503 quae
1055 4419 1127 4503 jam
1150 4419 1186 4481 in
1210 4420 1355 4483 medium
1378 4424 1559 4506 utcumque
1581 4448 1653 4512 pro·

602 4524 749 4599 tulimus,
772 4522 858 4586 sicut
891 4546 911 4584 a
944 4522 1125 4608 primordio
1154 4522 1233 4586 vitee
1265 4523 1354 4585 illius
1388 4545 1488 4609 supra
1518 4526 1654 4612 digestse

601 4626 750 4691 lectionis
772 4626 920 4689 insinuat
950 4631 1072 4689 textus
1118 4625 1152 4689 N
1155 4648 1217 4688 une
1248 4626 1350 4711 igitur·
1385 4627 1424 4691 (le
1459 4628 1655 4697 fortitudine

601 4731 691 4795 illius
721 4728 896 4793 infiexibili
932 4728 1043 4813 aliqua
1075 4728 1278 4813 subjicienda
1308 4735 1394 4808 suut,
1417 4731 1505 4795 unde
1532 4734 1655 4799 clareat

747 4911 761 4915 -
805 4908 886 4914 ,-.-.
895 4908 999 4912 --——-
1039 4908 1094 4912 -——
1102 4909 1106 4912 v
1301 4911 1328 4915 —-
1336 4911 1377 4916 ——
1385 4912 1390 4915 -
1407 4913 1412 4916 -
1419 4913 1442 4917 -—
1451 4913 1650 4922 ——-—-—

637 5007 775 5062 'duritiem
794 5004 848 5066 uun]
876 5004 910 5049 so
930 5004 986 5055 MS.
1021 5006 1095 5058 Some
1109 5006 1172 5056 such
1185 5007 1253 5057 word
1269 5022 1296 5056 as
1315 5008 1420 5059 terebrat
1439 5027 1520 5063 seems
1538 5018 1653 5085 wanting

602 5096 627 5133 rc
639 5085 761 5146 complete
773 5085 814 5133 thc
827 5098 905 5133 sense.
