4125 6334
599 1126 663 1189 180
819 1136 901 1187 vm
923 1138 950 1187 S.
965 1137 1124 1188 HUGONIS
1146 1134 1424 1187 meotrunnsrs

596 1309 818 1395 suspensione,
833 1332 899 1398 qua
921 1313 1038 1401 ipsum,
1062 1318 1102 1379 ut
1124 1311 1263 1390 dicebat,
1286 1312 1397 1377 minus
1419 1308 1510 1377 licite
1532 1310 1651 1398 punire

596 1411 800 1479 decrevisset.

640 1515 696 1581 Ad
718 1516 788 1584 haec
810 1518 875 1598 ille,
897 1541 965 1586 non
987 1519 1118 1586 enervis
1139 1518 1301 1585 naviculae
1324 1517 1417 1583 Petri
1439 1515 1652 1606 gubemator,

595 1641 655 1685 suo
684 1625 724 1686 ut
746 1643 872 1710 semper
893 1645 983 1690 more
1012 1623 1107 1688 illato
1136 1628 1261 1688 terrore
1284 1621 1497 1699 constantior,
1519 1620 1588 1706 qui,
1612 1623 1653 1684 ut

428 1730 527 1810 Ecclpa
597 1723 638 1789 de
668 1725 810 1810 quodam
843 1732 957 1793 sancto
991 1725 1124 1814 legitur,
1159 1725 1230 1789 “In
1260 1723 1377 1790 diebus
1405 1724 1474 1788 suis
1503 1743 1573 1788 non
1593 1743 1654 1787 ex·

430 1797 564 1914 {⁷3:2¹³
598 1836 615 1861 “
637 1827 773 1893 timuit¹
814 1828 1025 1917 principem,''
1061 1828 1112 1895 ita
1148 1828 1275 1894 cunctis
1312 1826 1524 1893 audientibus
1554 1824 1652 1890 infit:

429 1930 567 2010 saiuqfss
599 1929 808 1996 “Incassum
837 1955 915 1999 sane
945 1955 1043 2020 super
1080 1929 1334 2019 hujuscemodi,''
1369 1928 1488 2015 inquit,
1518 1927 1656 1993 “relax-

429 1996 532 2127 Ἣ
599 2037 618 2067 e
640 2033 752 2099 sarone
788 2034 854 2101 tibi
890 2035 1074 2116 aarum
1111 2056 1189 2100 nam
1227 2030 1579 2101 excommunicandum
1617 2034 1656 2095 es

429 2130 506 2179 5¹²¹
519 2132 544 2180 b·
598 2142 615 2169 “
637 2135 860 2202 incontinenti
882 2137 1023 2218 noveris,
1045 2137 1075 2201 si
1100 2135 1171 2223 juri
1201 2157 1315 2223 parere
1345 2156 1443 2220 super
1465 2131 1657 2199 excessibus

429 2236 578 2302 Hughthen
597 2246 614 2272 “
637 2237 705 2303 tuis
728 2240 866 2304 ulterius
888 2239 1151 2307 detrectaveris.”
1197 2238 1286 2319 Quid
1312 2238 1443 2303 multat
1488 2234 1555 2302 Illo
1577 2257 1656 2301 cou-

429 2320 574 2422 ssffimu'
597 2340 773 2406 tumaciter
810 2342 1030 2429 obstrepente,
1067 2347 1102 2408 et
1139 2346 1299 2428 tanquam
1330 2362 1385 2405 ore
1418 2338 1509 2426 regio
1545 2338 1658 2405 minas

430 2436 491 2488 him.
597 2442 736 2509 furiosas
757 2443 941 2522 intonante,
966 2446 1136 2532 episcopus
1165 2466 1241 2509 eum
1271 2443 1431 2509 innodare
1454 2463 1515 2508 nec
1536 2441 1658 2508 timuit

596 2568 657 2612 nec
678 2546 811 2613 distulit
833 2547 960 2613 solenni
987 2548 1208 2612 anathemate.
1266 2545 1332 2626 Qui
1363 2546 1511 2632 legatum
1536 2543 1658 2611 adiens

487 2663 526 2711 52.
597 2650 747 2735 queritur
768 2650 809 2715 de
831 2650 991 2738 episcope,
1007 2648 1089 2737 qui²
1111 2649 1233 2735 in'ejus
1247 2648 1485 2737 praejudicium,
1500 2647 1658 2735 regisque

596 2754 813 2840 dispendium,
843 2754 934 2834 adeo,
963 2758 1004 2818 ut
1036 2752 1213 2839 allegabat,
1245 2757 1398 2839 proterve
1430 2752 1659 2817 excommuni-

429 2862 569 2942 'ljheareh-
596 2868 700 2921 caeset
722 2878 805 2921 eum.
851 2856 883 2921 A
914 2877 978 2941 qno
1011 2856 1149 2921 tandem
1178 2860 1214 2920 et
1247 2854 1361 2921 literas
1392 2854 1587 2941 impetravit
1609 2855 1657 2921 ad

430 2931 575 2995 ΜΘΝ
596 2960 790 3044 episcopum,
814 2958 972 3044 quatinus
1002 2979 1062 3045 pro
1091 2957 1243 3023 absoluto
1272 2957 1408 3023 haberet
1430 2979 1514 3036 eum,
1537 2963 1659 3044 utpote

429 2998 512 3047 solves
522 2999 585 3058 him;

430 3065 556 3114 buttem
593 3082 614 3123 a
636 3081 670 3124 se
691 3059 886 3124 absolutum.
933 3059 997 3125 Oui
1020 3060 1199 3147 episcopus,
1222 3059 1284 3125 tali
1311 3060 1455 3147 perlecto
1480 3059 1655 3141 mandato,

429 3145 579 3262 {qufgss‘jfily
597 3160 647 3226 ita
669 3161 776 3226 dixit:
801 3170 818 3196 “
831 3161 869 3228 Si
882 3162 1005 3228 centies
1020 3167 1055 3229 te
1070 3162 1224 3228 dominus
1242 3162 1503 3251 archiepiscopus
1516 3163 1658 3230 duxerit

430 3264 585 3381 ffipsswffl
599 3270 618 3301 “
641 3264 887 3343 absolvendum,
920 3266 1043 3332 centies
1077 3273 1137 3331 aut
1169 3265 1269 3331 etiam
1293 3266 1413 3353 saepius
1447 3270 1482 3331 te
1513 3265 1597 3332 scias
1634 3290 1658 3332 a

430 3412 575 3448 excomm·
598 3376 616 3403 “
639 3369 732 3434 nobis
754 3368 1148 3446 reexcommunicandum‚
1172 3369 1331 3454 quamdiu
1354 3374 1388 3434 te
1410 3369 1599 3435 videbimus
1617 3370 1656 3435 in

430 3463 579 3543 sicutenim
599 3477 617 3506 “
640 3471 906 3558 praesumptionis
926 3476 993 3537 tuae
1008 3471 1154 3536 amentia
1168 3471 1430 3537 irrevocabiliter
1451 3472 1655 3540 induratum.

431 3538 569 3656 mi?
599 3573 691 3637 “Tu
715 3572 846 3650 videris,
870 3573 987 3657 quanti
1014 3573 1135 3638 habeas
1159 3575 1358 3639 sententiam
1382 3578 1537 3640 nostram.
1583 3574 1657 3641 Nos

433 3679 571 3730 nsceuary.
600 3683 616 3709 “
640 3675 727 3739 enim
758 3674 843 3738 hanc
873 3675 1071 3740 omnimodis
1103 3680 1210 3740 ratam
1237 3676 1396 3741 habemus
1428 3683 1462 3742 et
1494 3677 1657 3743 firmam.''

600 3777 654 3841 Sic
676 3776 731 3841 ille
754 3776 938 3855 abscedens,
957 3778 1094 3864 jamque
1109 3785 1199 3844 metu
1223 3783 1328 3844 tantae
1349 3778 1438 3844 illius
1458 3781 1655 3847 constantiae

432 3897 577 3949 lledelibe
600 3880 842 3965 aliquantulum
865 3880 961 3946 corde
976 3881 1118 3960 fractior,
1141 3881 1316 3969 pollicetur
1330 3882 1589 3948 deliberaturum
1610 3904 1654 3962 se,

432 3966 576 4083 ζξξῗοζξζ
600 3988 712 4048 ιιιιιιιιι
730 3982 831 4069 juxta
846 3984 934 4069 quod
957 3985 1154 4072 exigebatur
1176 4006 1274 4071 super
1295 3985 1440 4071 parendo
1457 3983 1529 4070 juri
1543 4008 1653 4052 coram

433 4107 460 4146 ιο
472 4100 565 4150 submit
600 4087 750 4173 episcopo
780 4087 881 4151 vellet
915 4108 1039 4163 cavere,
1070 4108 1179 4152 necue.
1239 4086 1305 4167 Qui
1335 4088 1400 4153 cito
1426 4092 1502 4174 post
1531 4088 1611 4168 haec,
1634 4113 1655 4154 a

433 4166 559 4282 {23³3
601 4190 743 4273 quodam
773 4213 831 4255 suo
861 4213 963 4277 puero
986 4190 1091 4256 securi
1115 4189 1260 4256 letaliter
1286 4211 1455 4277 percussus
1476 4189 1514 4255 in
1536 4193 1654 4279 capite,

435 4298 510 4375 anile
601 4289 820 4376 prohdolor!
853 4294 944 4379 prius
975 4293 1146 4359 exhalavit
1170 4294 1315 4358 animam
1339 4316 1438 4380 quarn
1461 4295 1581 4360 erroris
1603 4296 1654 4361 sui

433 4364 558 4480 ζ’ίῗζῖἒῗ
601 4393 805 4458 insinuaret³
827 4397 1068 4481 poenitentiam.
1115 4395 1194 4461 Uno
1217 4396 1305 4462 euim
1332 4396 1400 4461 ictu
1423 4397 1653 4463 excerebratus

434 4504 501 4547 vanc
601 4498 791 4581 strepente
817 4498 994 4576 extinctus,
1017 4498 1258 4564 formidabilem
1285 4499 1321 4563 in
1351 4521 1386 4564 se
1408 4498 1474 4563 viri
1495 4499 1653 4587 sapientis

433 4611 581 4665 Proaxvii.
600 4597 797 4663 sententiam
821 4602 871 4663 est
894 4605 1067 4687 expertus:
1092 4600 1286 4688 “Semper’'
1300 4601 1357 4680 ait,
1380 4601 1518 4689 “jurgia
1533 4602 1653 4689 quaerit

438 4684 474 4728 ¹¹·
602 4708 619 4735 “
641 4702 757 4779 malus,
779 4701 914 4788 angelus
936 4707 1048 4767 autem
1070 4704 1210 4769 crudelis
1232 4704 1387 4770 mittetur
1409 4709 1523 4770 contra
1550 4704 1652 4771 eum.'’

636 4938 641 4966 ¹
654 4936 775 5003 extimuit]
796 4936 830 4988 So
842 4936 899 4989 MS.
910 4956 918 4996 ι
938 4936 1067 5003 pertimuit
1075 4938 1101 4991 in
1183 4941 1192 4970 ¹
1204 4940 1352 5008 insimmet]
1373 4941 1408 4995 So
1419 4940 1476 4994 MS.
1486 4960 1494 5004 ς
1505 4939 1652 5000 insinuavit,

601 5016 719 5082 vulgare.
1148 5020 1209 5072 Per.

633 5097 709 5164 ²qv1]
729 5098 764 5151 So
775 5096 851 5159 MS.;
869 5099 944 5164 qnod,
955 5097 1017 5153 Pet.
