4125 6334
786 1163 889 1212 urana
911 1164 954 1224 v‚.
966 1159 1042 1213 car.
1057 1162 1137 1212 nv..
1414 1148 1478 1212 315

426 1346 440 1369 ‘⁴
465 1341 559 1415 trem,
593 1343 627 1401 et
660 1335 844 1402 adhaerebit
873 1336 970 1401 uxori
1004 1332 1104 1412 suae,”
1126 1334 1170 1398 ad
1200 1334 1342 1399 ecclesiae
1371 1356 1481 1399 curam

425 1459 525 1522 quam
556 1437 635 1502 olim
669 1438 889 1525 desponderat
918 1436 1026 1503 redire
1054 1436 1238 1522 disponens,
1268 1441 1389 1522 praeter
1417 1435 1594 1501 aliaflugh‘s

426 1540 570 1619 donaria,
608 1540 748 1627 pignora
785 1539 1062 1606 maestimabilieer
1096 1539 1242 1625 pretiosa
1273 1538 1424 1615 ecclesiae,
1462 1503 1649 1631 affiffllth,

426 1641 518 1725 cujus
532 1642 691 1707 uberibus
714 1643 752 1707 in
775 1644 887 1707 virum
909 1641 1093 1729 perfectum
1108 1641 1286 1721 coaluerat,
1307 1640 1378 1725 jam
1401 1634 1647 1705 ulti-Chflmeuse·

426 1765 517 1807 mum
533 1744 563 1808 ei
579 1744 785 1822 valefaciens,
805 1744 943 1830 jamque
960 1743 1141 1821 discedens,
1155 1744 1193 1807 in
1216 1749 1409 1829 perpetuam
1430 1743 1481 1807 sui

426 1846 619 1910 memoriam
645 1846 831 1932 dereliquit.
877 1845 1037 1912 Habebat
1057 1845 1095 1909 in
1121 1845 1251 1911 scriniis
1273 1845 1341 1911 suis
1366 1866 1481 1931 capsu-
1522 1850 1574 1940 ‘¹0⁷'
1587 1848 1611 1896 b·

426 1948 494 2011 lam
532 1952 732 2034 argenteam,
766 1970 867 2034 quam
898 1949 936 2013 in
972 1947 1184 2013 basilicarum
1219 1947 1481 2013 dedicationibus
1493 1927 1630 2045 fflkfftffi‘f‘

426 2051 677 2116 circumferebat
699 2052 735 2115 in
757 2051 919 2129 manibus,
942 2050 1128 2117 numerosis
1150 2055 1338 2117 sanctorum
1353 2056 1650 2141 sancta-relicuum

426 2174 565 2237 rumque
579 2154 728 2239 reliquiis
749 2156 889 2241 plenam.
935 2153 1008 2219 Has
1022 2154 1077 2219 vel
1099 2153 1247 2240 ipsemet,
1267 2153 1322 2219 vel
1335 2154 1482 2241 ipsorum
1493 2130 1633 2245 {ffifflf‘a'

426 2260 535 2320 custos
555 2256 758 2331 scriniorum,
780 2257 959 2321 monachus
980 2260 1016 2321 et
1039 2255 1226 2341 capellanus
1259 2277 1346 2335 suus,
1367 2255 1482 2340 pleris-
1494 2261 1624 2312 eburones.

429 2380 494 2444 que
515 2358 552 2421 in
579 2358 660 2422 locis
687 2358 915 2444 acquisiverat
973 2358 1040 2423 Sed
1062 2360 1231 2445 episcopus
1253 2379 1274 2422 a
1295 2379 1330 2423 se
1351 2358 1483 2444 perqui-
1495 2343 1551 2394 The
1561 2347 1651 2459 ΜᾞΟΓ

429 2460 511 2524 sitas
544 2460 618 2524 viro
650 2460 905 2545 religiosissimo,
942 2459 1147 2526 Oartusiensi
1181 2460 1337 2540 sacristae,
1375 2481 1482 2525 coram
1495 2419 1606 2555 barigi?

427 2561 536 2647 priore
558 2567 594 2626 et
615 2561 775 2626 fratribus
806 2562 955 2641 tradidit,
979 2563 1016 2625 in
1046 2561 1116 2627 loco
1139 2561 1197 2626 illo
1227 2563 1483 2643 conservandas3
1496 2542 1625 2674 ξζᾞῇα

430 2662 604 2729 monacho1
620 2686 695 2729 suas
710 2664 845 2741 dimisit,
860 2664 903 2728 ad
918 2662 1093 2750 proprium
1115 2664 1352 2729 monasterium
1368 2685 1484 2751 appor-
1496 2680 1590 2791 piplr,
1599 2649 1651 2728 an'd

430 2765 557 2830 tendas.
1547 2780 1553 2793 ·

477 2866 601 2932 Verum
625 2868 703 2953 quia
725 2868 766 2932 de
787 2870 977 2933 sanctorum
1010 2866 1161 2953 reliquiis
1182 2866 1319 2932 fecimus
1343 2868 1485 2934 mentio-

431 2990 514 3048 nem,
539 2992 607 3035 non
621 2970 755 3035 videtur
777 2969 920 3036 otiosum
943 2968 972 3034 si
993 2968 1039 3034 ad
1059 2969 1198 3055 gloriam
1220 2973 1414 3049 sanctorum,
1431 2970 1484 3035 vel

431 3071 682 3138 {edificationem
712 3072 904 3159 legentium,
926 3072 968 3136 de
990 3071 1042 3135 his
1063 3071 1211 3136 breviter
1240 3069 1348 3137 adhuc
1373 3072 1485 3159 aliqua

431 3174 616 3240 referamus.
661 3174 814 3239 iusserat
845 3172 1016 3261 episeopus
1048 3173 1209 3238 annulum
1239 3173 1302 3238 sibi
1335 3174 1408 3239 fieri
1442 3195 1485 3239 ex
1496 3185 1650 3250 megasio

431 3298 513 3342 auro
534 3276 707 3364 purissimo
723 3281 757 3340 et
771 3275 938 3361 lapidibus
957 3275 1119 3362 pretiosis,
1136 3275 1313 3341 habentem
1327 3275 1364 3339 in
1378 3281 1474 3362 parte
1495 3251 1564 3316 ΙΨ
1576 3268 1616 3303 ‘⁰'

432 3400 507 3464 quae
523 3378 668 3465 digitum
693 3378 840 3443 exterius
865 3377 1043 3455 ambiebat,
1059 3377 1153 3463 quasi
1175 3376 1299 3442 monile
1317 3330 1483 3462 quoddam
1494 3333 1541 3432 idi,
1543 3320 1626 3446 blida

432 3501 622 3556 concavum,
659 3478 748 3565 quod
780 3476 1011 3565 repositorium
1045 3498 1115 3544 esse
1150 3479 1258 3545 voluit
1295 3484 1483 3545 sanctarum
1494 3450 1575 3580 {23}ss
1584 3453 1627 3568 {is

432 3582 654 3669 reliquiarum
711 3581 796 3647 Erat
830 3586 943 3647 autem
974 3580 1242 3669 receptaculum⁸
1270 3581 1314 3647 ad
1343 3588 1486 3667 quatuor
1496 3598 1578 3633 sacm-

432 3684 500 3749 fere
520 3684 700 3771 digitorum
726 3703 912 3749 mensuram
933 3683 1082 3769 undique
1103 3682 1219 3750 latum
1264 3684 1306 3750 In
1328 3684 1391 3751 hoc
1412 3653 1589 3782 por-ffisswl

434 3786 541 3851 tiones
573 3790 783 3872 congesserat
811 3790 1000 3852 sanctorum
1025 3785 1203 3873 pignorum
1235 3787 1278 3851 ad
1311 3807 1485 3853 numerum

433 3909 537 3973 usque
560 3887 781 3953 tricenarium.
1456 3889 1461 3900 '

481 3989 565 4055 Cum
580 4011 661 4055 vero
682 4011 725 4055 ex
738 3990 885 4054 maxima
906 3989 1085 4056 devotione
1103 3989 1345 4055 solicitudinem
1360 3996 1488 4076 gereret

433 4113 534 4179 super
574 4091 790 4178 acquisitione
837 4095 908 4155 tam
952 4089 1095 4156 salubris
1139 4090 1295 4169 thesauri,
1332 4090 1487 4157 institit³

435 4214 633 4281 magnopere
655 4194 813 4279 quatinus
839 4194 880 4258 de
911 4213 1047 4280 corpore
1077 4193 1190 4280 magni
1214 4192 1340 4260 Christi
1362 4195 1487 4261 confes·

435 4297 527 4372 soris,
564 4296 786 4382 praecipuique
823 4294 1058 4361 monachorum
1088 4295 1182 4361 ducis
1218 4301 1254 4362 et
1290 4295 1487 4384 legislatoris

436 4397 618 4477 Benedicti,
644 4397 769 4483 aliquid
796 4397 969 4463 obtineret
1018 4397 1127 4485 Super
1150 4399 1212 4465 tali
1242 4419 1374 4486 quoque
1401 4397 1622 4466 desi-T00th0f

436 4499 526 4565 derio
548 4520 609 4564 suo
630 4499 744 4565 literas
766 4500 892 4566 diremi
913 4499 1109 4566 affectuosas
1130 4501 1214 4566 viris
1234 4502 1485 4582 venerabilibus,
1496 4464 1628 4580 {1²03ssss

436 4601 552 4668 abbati
574 4605 610 4667 et
639 4602 808 4668 monachis
837 4602 980 4667 eoenobii
1013 4601 1239 4686 Floriacensis,
1263 4604 1321 4670 ubi
1348 4597 1592 4727 sanctis-{ff

604 4942 610 4970 ¹
623 4939 749 5005 monacho]
769 4939 804 4991 So
815 4939 871 4990 MS.
884 4961 891 4999 ;
908 4940 1034 4991 monacho
1044 4946 1134 5001 anian,
1145 4940 1206 4990 Pes.
1323 4991 1328 4996 ,

604 5020 614 5049 ¹
624 5017 814 5085 receptaculum]
834 5019 870 5069 So
880 5017 936 5070 MS.
947 5039 955 5079 ;
972 5020 1160 5085 receptaculum
1171 5019 1241 5082 illud,
1252 5018 1311 5069 Per.

604 5100 613 5128 ¹
624 5096 727 5164 institit]
747 5097 782 5149 So
793 5098 853 5149 Pes.
865 5118 872 5158 3
890 5096 1077 5161 insumatis.
