4125 6334
506 1137 571 1201 100
728 1147 811 1201 vm
833 1148 858 1201 S.
882 1148 1041 1202 nuooms
1063 1148 1335 1202 amootumnsm

554 1325 600 1391 Et
622 1324 663 1390 de
694 1324 854 1412 magistro
877 1323 1045 1391 Roberto¹
1083 1324 1333 1405 Borestonensi,
1365 1329 1401 1391 et
1433 1324 1562 1413 Rogero

550 1427 791 1508 Beldeforensi;
817 1448 900 1514 quos
922 1426 954 1492 ei
976 1426 1241 1517 archiepiscopus
1263 1427 1439 1515 delegavit

507 1530 605 1596 IX.-
614 1530 711 1613 Quod
742 1529 851 1617 Hugo,
875 1551 983 1596 novus
1012 1530 1121 1597 adhuc
1143 1530 1305 1618 pontifex,
1337 1530 1422 1597 nulli
1445 1536 1563 1597 contra

544 1632 715 1722 justitiam
738 1629 883 1698 detulit¹
904 1633 1073 1720 potestati
1118 1631 1165 1699 Et
1185 1634 1275 1721 quod
1296 1654 1461 1699 summurn
1476 1634 1564 1723 regis

551 1734 761 1802 forestarium
784 1734 1140 1802 excommunicaverit:
1165 1737 1373 1824 primamque
1396 1744 1469 1824 post
1492 1759 1563 1802 sus·

552 1837 738 1926 ceptionem
761 1838 967 1925 episcopatus
997 1839 1085 1925 regis
1116 1839 1322 1925 petitionem,
1345 1861 1444 1927 super
1465 1840 1563 1906 colla·

553 1942 644 2008 tione
666 1941 835 2028 cujusdem
857 1942 1051 2029 praebendae,
1073 1941 1208 2007 minime
1232 1942 1426 2010 exaudierit.

511 2044 749 2128 X.-Qualiter
772 2044 882 2132 Hugo,
912 2066 933 2108 a
963 2065 1040 2132 rege
1069 2044 1246 2110 accersitus
1278 2045 1342 2111 sibi
1368 2045 1463 2124 irato,
1494 2045 1565 2131 ejus

554 2170 623 2213 non
653 2147 752 2213 modo
782 2146 987 2212 simultatem
1019 2146 1278 2234 parvipenderit,
1301 2148 1358 2215 sed
1389 2148 1491 2214 etiam
1515 2148 1565 2236 ip·

556 2272 630 2315 sum
652 2249 790 2316 comiter
811 2249 970 2315 deriserit.
1026 2248 1073 2315 Et
1095 2249 1135 2315 de
1162 2250 1394 2317 benevolentia
1415 2252 1566 2338 praedicti

557 2352 735 2430 forestarii,
757 2357 833 2439 post
855 2349 1106 2429 absolutionem,
1129 2374 1209 2439 erga
1230 2352 1417 2441 episcopum
1440 2354 1565 2421 habita

512 2454 717 2537 XL—Quod
732 2476 800 2520 non
815 2453 914 2520 modo
937 2454 1084 2533 curiales,
1100 2456 1158 2521 sed
1180 2456 1282 2522 etiam
1305 2456 1443 2523 aliarum
1467 2458 1566 2525 ecclc·

557 2560 680 2625 siarum
703 2541 941 2624 cathedralium
965 2580 1128 2645 personas,
1145 2559 1308 2626 rarissime
1322 2560 1566 2647 praebendabot

558 2664 603 2728 Et
618 2662 761 2749 qualiter
775 2660 983 2748 responderit
1004 2660 1136 2726 cuidam
1152 2662 1312 2749 magistro
1334 2663 1570 2744 literatissimo,

558 2765 722 2832 ambienti
748 2763 785 2829 iu
816 2762 953 2829 ecclesia
976 2762 1199 2830 Lincolniensi
1221 2765 1434 2851 praebendari.

513 2866 742 2949 rna-Quod
774 2867 918 2953 primum
949 2866 1142 2932 Baldewino
1173 2866 1429 2936 cantuariensi⁸
1460 2870 1566 2937 archi·

557 2970 715 3057 episcopo,
731 2973 766 3034 et
789 2968 908 3035 deinde
931 2968 1023 3035 illius
1044 2971 1220 3037 successori
1237 2971 1400 3051 Huberto,
1414 2974 1507 3039 nisus
1522 2976 1567 3041 sit

559 3071 746 3138 dissuadere
776 3070 991 3137 contentiosae
1028 3072 1199 3157 cujusdam
1237 3075 1368 3163 capellae
1401 3082 1568 3144 construc-

559 3176 703 3244 tionem:
738 3174 876 3261 etquid
906 3174 988 3240 meli
1015 3175 1086 3261 ejus
1111 3177 1353 3244 inchoationem
1377 3187 1568 3266 sequeretur

559 3278 723 3366 praedixit.
783 3276 830 3343 Et
864 3278 904 3343 de
942 3278 1083 3344 unitatis
1117 3282 1285 3347 constanti
1323 3286 1568 3369 perseverantia
1608 3333 1612 3340 .

559 3382 701 3469 episcopi
724 3402 799 3446 cum
822 3379 890 3446 suis
912 3380 1098 3447 canonicis.⁴

516 3483 714 3550 XIII.-De
746 3482 971 3547 moderamine
1001 3482 1203 3570 frugalitatis
1234 3486 1338 3574 ipsius
1368 3488 1404 3554 in
1436 3490 1510 3555 cibo
1533 3496 1568 3557 et

559 3589 649 3671 potu.
695 3584 746 3648 De
769 3583 932 3648 modestia
956 3590 991 3650 et
1014 3585 1181 3653 hilaritate
1204 3588 1274 3674 ejus
1296 3590 1384 3656 inter
1406 3593 1568 3679 prandeu-

561 3686 648 3751 dum.
695 3686 745 3751 De
760 3684 882 3750 virium
900 3686 971 3772 ojus
994 3689 1224 3775 magnitudine
1240 3692 1275 3756 in
1298 3692 1395 3758 officii
1417 3697 1466 3759 sui
1491 3719 1568 3761 exc-

560 3788 699 3854 cutione.
744 3788 794 3853 De
809 3788 1081 3857 condescensione
1104 3792 1174 3876 ejus
1197 3792 1251 3857 in⁵
1266 3794 1406 3862 aliorum
1429 3797 1568 3864 infirmi·

561 3897 640 3957 tete.
686 3891 731 3957 Et
761 3892 849 3978 quod
880 3914 998 3959 manus
1025 3894 1269 3982 impositionem
1292 3920 1461 3986 nunquam
1485 3924 1568 3989 equo

449 4083 453 4094 Ι
561 3996 677 4062 sedens
698 3994 845 4062 civibus⁰
867 3996 1073 4085 impertierit.

551 4309 685 4369 'Rotcrta
695 4310 753 4377 ea]
773 4310 808 4361 so
820 4310 857 4371 C,
870 4324 933 4376 very
945 4309 1020 4360 blun-
1040 4317 1044 4414 p
1065 4310 1136 4362 there
1153 4312 1231 4379 being
1241 4274 1347 4380 only'lt
1359 4318 1474 4383 chapters
1491 4328 1518 4371 to
1535 4324 1569 4375 its

517 4390 641 4456 deringly.
674 4389 847 4441 Theirnsrnes
858 4390 1021 4454 verelloger
1064 4390 1134 4440 third
1156 4393 1231 4444 book.
1275 4395 1330 4446 The
1349 4398 1409 4448 loth
1431 4402 1482 4450 end
1508 4404 1567 4454 leth

518 4471 550 4520 de
566 4469 704 4522 Roldeston
716 4470 767 4519 and
786 4470 881 4520 llobert
900 4470 932 4519 de
952 4469 1020 4519 Bed-
1041 4431 1044 4532 l
1064 4470 1319 4536 conpressorum
1330 4478 1373 4528 the
1390 4478 1446 4529 first
1458 4484 1511 4531 and
1528 4500 1568 4535 ee·

518 4550 581 4610 sord,
605 4563 633 4599 as
654 4548 682 4598 in
704 4548 735 4597 B.
754 4549 831 4613 insta,
854 4560 880 4598 st
901 4548 967 4597 head
994 4548 1025 4597 of
1041 4573 1044 4630 ἱ
1063 4551 1166 4601 condin
1178 4552 1221 4602 the
1233 4555 1339 4605 tableof
1347 4557 1464 4622 chapters
1477 4562 1568 4613 oist's

518 4634 1022 4773 ⁰⁸¹3·,⁸,·,1,]&samana
1064 4629 1568 4774 tttttslttltltlff'tt

519 4789 584 4839 head
596 4788 625 4837 os
632 4802 685 4851 cap.
698 4790 713 4835 9
726 4786 803 4850 infra.
1065 4790 1143 4854 iusta,
1157 4807 1180 4855 p.
1195 4796 1249 4854 137,
1262 4797 1344 4858 uots(
1363 4798 1382 4859 ).

553 4865 768 4931 ’CantwricmiJ
793 4864 828 4915 So
851 4864 896 4925 C.;
914 4864 1022 4917 Cantus·
1098 4870 1172 4934 ⁸ejue
1190 4872 1229 4937 in]
1249 4872 1302 4924 Not
1318 4873 1344 4923 iu
1364 4876 1411 4935 C.;
1436 4876 1463 4926 in
1484 4880 1523 4939 13..
1543 4890 1569 4933 et

519 4948 648 5008 riensium,
669 4946 709 5008 B,
729 4944 839 4997 ethead
866 4944 896 4993 of
913 4960 967 5011 cap.
992 4952 1022 4995 12
1065 4949 1130 4999 head
1142 4950 1233 5016 oscap.
1247 4958 1278 5002 13
1290 4954 1367 5019 iufra.

519 5029 589 5093 ''uss‘'
717 5099 719 5103 Ι
1098 5028 1225 5095 ἐἰυίὸυε]
1257 5033 1292 5082 So
1315 5032 1362 5094 C.;
1391 5035 1505 5098 cuilibet,
1536 5040 1567 5090 B.

554 5108 643 5158 ‘Here
655 5105 707 5158 Cla
717 5106 785 5159 table
792 5106 822 5155 of
827 5105 943 5171 chapters
954 5108 1023 5169 enda
1066 5108 1142 5172 infra.
