4125 6334
593 1130 660 1197 368
818 1147 900 1196 vnn
923 1150 948 1197 s.
973 1148 1129 1199 uuooms
1152 1146 1424 1198 muoonmnusrs

637 1320 729 1385 Talia
751 1321 935 1400 clamitans,
959 1323 1087 1386 nisibus
1117 1321 1300 1398 indefessis
1322 1320 1432 1386 turbis
1455 1340 1594 1407 quoque
1615 1320 1657 1385 ad

593 1422 747 1488 clamores
782 1424 852 1510 ejus
883 1424 1038 1490 attonitis
1070 1424 1232 1511 paulatim
1259 1422 1463 1501 cedentibus,
1487 1421 1658 1488 immersit

593 1548 628 1591 se
649 1526 711 1590 sub
733 1526 890 1591 feretrum
920 1525 1065 1592 tandem.
1123 1526 1221 1606 Quod
1252 1530 1429 1612 postquam
1461 1526 1592 1612 attigit,
1620 1530 1655 1590 et

592 1628 699 1714 capite
721 1628 882 1694 submisso
912 1627 1074 1704 adoravit,
1098 1627 1201 1694 oculis
1223 1633 1259 1693 et
1280 1627 1433 1692 manibus
1465 1628 1503 1691 in
1534 1627 1654 1692 ooelum

592 1730 718 1810 erectis,
751 1730 788 1793 in
818 1730 906 1795 hunc
936 1730 1071 1794 modum
1106 1750 1199 1795 orere
1232 1729 1353 1817 coepit:
1391 1738 1409 1764 “
1422 1729 1559 1795 Gratius
1592 1751 1653 1816 ogo

429 1844 572 1898 scorto.
593 1841 610 1866 “
633 1832 705 1909 tibi,
730 1832 829 1897 Pater
859 1831 1165 1912 misericordiam
1190 1836 1225 1897 et
1256 1831 1347 1897 Deus
1378 1831 1483 1896 totius
1505 1831 1652 1896 console·

593 1942 611 1969 “
634 1934 745 2012 tionis,
777 1935 856 2020 quio
888 1933 1044 2021 misertus
1070 1955 1104 1998 ee
1138 1932 1213 2013 mei,
1236 1937 1272 1997 et
1303 1933 1339 1997 in
1370 1937 1505 1998 tentum
1538 1953 1650 1998 conso-

594 2044 611 2073 “
647 2041 723 2103 otus
746 2060 781 2103 es
803 2059 864 2115 me,
889 2042 937 2117 ut,
972 2036 1061 2122 quod
1094 2035 1130 2100 in
1163 2036 1225 2101 hoc
1258 2035 1382 2100 mundo
1414 2035 1651 2123 superomnia

593 2149 610 2174 “
633 2140 815 2227 concupivi,
837 2140 963 2225 corpori
985 2138 1191 2203 sanctissimo
1213 2137 1302 2202 servi
1324 2136 1376 2202 tui
1398 2159 1517 2224 corpus
1540 2159 1649 2203 meum

593 2251 611 2277 “
633 2248 686 2306 tot
708 2242 850 2327 peccetis
873 2240 1055 2305 obnoxium
1081 2239 1260 2325 quivissem
1284 2239 1473 2326 adjungere,
1489 2245 1526 2305 et
1549 2241 1581 2305 ei
1595 2240 1649 2326 qui

595 2352 611 2377 “
634 2341 776 2406 fideliter
798 2341 936 2406 servivit
968 2341 1033 2405 tibi
1065 2340 1257 2405 meruissem
1289 2342 1528 2428 approximare
1588 2341 1650 2407 De-

594 2452 745 2530 “precor
778 2445 883 2530 igitur
916 2448 960 2521 te,
985 2442 1308 2529 omnipotentissime
1332 2443 1431 2521 Deus,
1454 2448 1494 2508 ut
1523 2443 1560 2508 in
1591 2444 1650 2508 hac

594 2555 610 2580 “
634 2550 729 2611 nocte
764 2548 910 2611 animem
941 2566 1049 2610 meom
1084 2566 1159 2610 cum
1193 2545 1306 2609 anima
1335 2545 1441 2624 istius,
1474 2546 1570 2631 cnjus
1600 2566 1650 2610 me

593 2656 611 2683 “
634 2671 751 2735 corpus
774 2648 866 2712 odire
888 2645 1014 2723 fecisti,¹
1041 2646 1078 2709 in
1100 2646 1213 2732 requie
1236 2646 1381 2732 perenni,
1404 2646 1463 2711 ubi
1490 2668 1564 2711 eom
1585 2668 1651 2712 eme

593 2759 610 2785 “
634 2771 702 2814 non
725 2749 851 2823 dubito,
869 2748 988 2833 jubeas
1010 2746 1188 2813 collocari.''
1234 2746 1300 2812 His
1322 2747 1365 2813 ab
1388 2768 1427 2812 eo
1449 2748 1501 2813 ite
1522 2771 1651 2835 peroro·

593 2851 647 2929 tie,
671 2873 730 2916 nos
761 2873 834 2915 oum
870 2857 982 2914 soncto
1015 2871 1149 2935 corpore
1171 2849 1348 2926 ecclesiam,
1371 2849 1407 2913 in
1431 2871 1498 2935 que
1519 2872 1652 2937 pernoc-

594 2952 734 3015 tandum
756 2951 829 3029 fuit,
852 2951 1078 3037 ingredimur:
1110 2950 1166 3015 ille
1201 2971 1277 3015 suos
1309 2950 1479 3016 subintret
1507 2957 1651 3039 penates,

595 3074 662 3115 uno
706 3053 775 3116 solo
817 3057 923 3118 strata
963 3052 1190 3138 interjacente,
1237 3051 1345 3117 eidem
1389 3052 1532 3120 eccleeiae
1569 3075 1650 3140 pene

595 3154 773 3241 contiguos,
839 3154 910 3219 Nec
950 3176 1064 3218 mom:
1108 3153 1300 3240 irrumpunt
1336 3154 1437 3219 vicini
1482 3155 1574 3220 illius
1616 3156 1652 3221 in

596 3256 786 3337 ecclesiom3
827 3256 1059 3344 presbyterum
1095 3256 1240 3321 turbatis
1278 3256 1414 3322 vocibus
1455 3258 1631 3343 inquirunt
1643 3283 1651 3338 ;

596 3365 762 3444 repertum
794 3359 837 3422 ed
869 3358 1004 3423 domum
1027 3358 1101 3439 viri,
1125 3363 1259 3444 sumpto
1293 3380 1401 3423 secum
1432 3380 1533 3426 socrae
1567 3382 1651 3426 com-

596 3461 761 3525 munionis
782 3460 913 3537 viatico,
930 3460 1079 3525 celeriter
1102 3481 1274 3546 properare
1298 3459 1508 3546 compellunt.
1555 3462 1651 3541 Quod

597 3561 659 3636 illo,
702 3561 737 3623 in
773 3561 928 3624 extremis
963 3561 1034 3646 jam
1070 3562 1205 3646 positus
1240 3563 1408 3646 praernisso
1442 3563 1651 3638 confessione,

596 3666 748 3746 perceptu
780 3661 994 3737 absolutione,
1018 3667 1283 3747 testamentoque
1315 3663 1461 3748 legitime
1495 3665 1651 3743 confecto,

597 3785 674 3825 mox
697 3768 736 3824 ut
760 3763 913 3847 percepit,
937 3763 1091 3849 spiritum
1114 3764 1151 3827 in
1173 3785 1251 3850 pace
1275 3765 1392 3830 emisit.

432 3881 533 3944 llugh’s
643 3863 816 3928 Habuerat
841 3885 919 3929 vero
953 3869 1086 3930 sauctus
1120 3866 1155 3928 in
1190 3887 1251 3929 usu
1286 3865 1449 3945 familiari,
1481 3868 1562 3930 dum
1596 3867 1653 3931 ad-

431 3948 553 4065 ffilff
597 3964 748 4045 viveret,2
763 3971 802 4030 ut
818 3988 892 4030 cum
913 3968 1044 4032 audiret
1059 3966 1218 4053 quosdam
1239 3966 1517 4052 intemperantius
1540 3968 1652 4054 lugere

432 4081 585 4138 tion‚onthe
598 4091 823 4156 quemcunque
859 4075 1034 4147 mortuum,
1060 4069 1148 4133 inter
1181 4069 1247 4132 alio
1280 4069 1511 4134 consolationis
1549 4070 1653 4134 verbo

431 4148 549 4263 ffldssf
598 4172 721 4235 (liceret
752 4172 817 4236 eis:
855 4171 928 4235 “Et
962 4171 1043 4256 quid
1077 4177 1127 4235 est
1162 4171 1251 4234 istud
1286 4172 1374 4256 quod
1408 4172 1533 4258 agitis?
1590 4172 1655 4237 Per

431 4294 535 4343 Huad-
598 4280 615 4305 “
637 4277 785 4335 sanctam
811 4272 1048 4347 nucem,’'—sio
1071 4272 1158 4337 enim
1181 4272 1253 4337 vice
1271 4271 1453 4356 juramenti
1476 4274 1520 4338 ed
1543 4274 1654 4338 firma-

429 4359 548 4421 juration.
598 4373 723 4437 tionem
758 4375 853 4437 verbi
885 4375 1053 4438 interdum
1087 4374 1442 4461 loquebatu1·,—-“per
1475 4376 1655 4453 sunctum,”

598 4474 757 4560 inquiens,
781 4484 799 4508 “
811 4497 936 4555 nucem,
959 4476 1128 4540 nobiscum
1161 4476 1245 4541 mele
1275 4476 1416 4540 nimium
1439 4482 1601 4562 ageretur,
1624 4479 1654 4541 si

598 4577 723 4641 “mori
750 4599 921 4661 nunquam
952 4576 1212 4642 concederetur.''
1260 4577 1489 4643 Mimculosam
1521 4599 1655 4663 quoque

599 4686 802 4744 mortuorum
830 4679 1077 4743 suscitationem
1104 4679 1256 4744 laudibus
1287 4680 1453 4760 efferebat,
1476 4678 1533 4743 sed
1559 4680 1656 4745 vivo-

832 4998 837 5025 ¹
844 4996 944 5060 fecisti]
966 4994 1000 5045 So
1012 4994 1090 5054 l'ez.;
1109 4996 1209 5057 fecistis,
1221 4997 1277 5048 MS.

830 5073 987 5138 uulvoeret]
1007 5073 1042 5124 So
1053 5073 1109 5125 MS.
1122 5095 1128 5134 3
1148 5076 1228 5126 adhue
1240 5076 1344 5136 viveret,
1356 5077 1414 5126 Pcz.
