4125 6334
843 1153 945 1200 cisun
968 1156 999 1215 v,
1022 1154 1095 1203 cir.
1121 1156 1140 1202 1.
1452 1142 1514 1209 229

465 1327 529 1402 ille,
556 1327 640 1390 nihil
664 1326 876 1391 festinantius
899 1350 1007 1413 agens,
1032 1327 1166 1392 aiebat:
1192 1335 1210 1364 ‘⁶
1226 1327 1305 1392 Nou
1335 1333 1385 1391 est
1408 1324 1517 1412 opus,''

465 1429 585 1514 inquit,
619 1433 691 1493 “ut
721 1428 803 1494 nos¹
829 1434 997 1515 expectet3
1032 1435 1187 1494 vescatur
1217 1431 1253 1494 in
1282 1430 1416 1494 nomine
1448 1431 1514 1494 Do-

465 1542 482 1566 “
506 1532 614 1597 mini'’
660 1532 737 1597 Suis
752 1554 882 1618 quoque
896 1532 1114 1597 familiaribus
1139 1532 1290 1599 dicebat:
1316 1542 1332 1567 “
1348 1532 1516 1620 ΕΧΡθάἰὲ2

466 1643 481 1668 “
506 1640 544 1699 ut
573 1657 632 1699 rex
663 1639 812 1700 terrenus
834 1634 958 1721 absque
980 1634 1076 1699 nobis
1103 1635 1272 1722 prandeat,
1296 1657 1396 1721 quarn
1425 1658 1517 1700 man-

466 1747 482 1770 “
507 1737 620 1802 datum
666 1738 782 1804 aeterni
822 1737 922 1823 Regis
953 1743 1068 1802 nostra
1101 1738 1273 1804 humilitas
1309 1739 1515 1824 inexpletum

465 1849 481 1872 “
507 1840 707 1925 praetereat.''
752 1840 842 1905 Hine
865 1841 1012 1905 fortassis
1037 1841 1258 1907 animadverti
1281 1841 1368 1919 licet,
1395 1842 1517 1906 divini-

465 1948 520 2006 tus
554 1944 584 2007 ei
613 1966 679 2008 non
709 1944 875 2008 immerito
903 1943 1003 2008 fuisse
1032 1943 1242 2020 retributum,
1272 1949 1312 2009 ut
1345 1944 1404 2029 qui
1433 1944 1515 2010 duos

464 2066 556 2130 reges
571 2046 612 2110 ob
635 2068 815 2131 pauperum
839 2044 1041 2132 sepulturam
1067 2045 1265 2132 neglexerat,
1288 2045 1359 2132 ipse
1382 2045 1513 2111 demum
1569 2057 1597 2105 71
1612 2057 1636 2106 b.

464 2148 500 2211 in
523 2149 646 2212 funeris
667 2149 719 2213 sui
746 2148 947 2235 obsequium,
971 2171 1045 2213 cum
1065 2148 1146 2212 viris
1168 2148 1366 2213 sublimibus
1392 2150 1513 2228 multis,
1526 2157 1673 2226 Twokings

462 2272 554 2336 reges
584 2253 666 2315 ‹luos
687 2252 851 2317 adunatos
872 2252 1017 2316 haberet.
1064 2251 1187 2316 Verum
1211 2251 1280 2317 hice
1295 2274 1353 2316 suo
1375 2252 1513 2318 inferius
1526 2235 1662 2287 mmm

1524 2291 1564 2340 his
1591 2310 1613 2342 w
1694 2285 1704 2307 ⁴

463 2353 530 2418 loeo
553 2352 683 2439 plenius
709 2353 839 2432 dicturi,
863 2353 996 2419 iuterim
1019 2359 1128 2440 coepta
1149 2375 1391 2441 prosequamur.
1525 2308 1633 2412 sundri

855 2664 1062 2729 Cirrrucuu
1086 2663 1132 2728 II.

462 2834 512 2898 Dc
541 2855 694 2920 paupere
726 2834 875 2922 quodam
908 2856 1000 2900 secas
1031 2834 1127 2900 oium
1152 2834 1325 2901 tumultus
1354 2835 1398 2900 in
1424 2836 1513 2900 Nor·-

551 2936 709 3002 urarcuio.
778 2938 827 3002 Dc
860 2936 1102 3023 pluriuwrom
1134 2937 1314 3023 sepulture
1350 2937 1394 3004 ia
1430 2937 1512 3002 urbe

552 3039 749 3107 Liucoluio.
795 3041 840 3107 m
855 3040 895 3106 dc
919 3041 1068 3128 quodem
1086 3040 1229 3127 probem
1245 3063 1343 3127 quera
1358 3040 1513 3127 sepelivit

552 3141 594 3207 ia
616 3142 890 3209 chuueulcacia.

508 3304 671 3384 Quoniam
710 3306 778 3372 haee
815 3307 905 3392 apud
942 3306 1198 3393 Rothomagum,
1244 3305 1512 3371 Narmannorunr

460 3408 584 3473 scilieet
606 3408 822 3494 metropolim,
845 3413 946 3495 gesta,
970 3430 1030 3474 nce
1057 3414 1170 3473 tamen
1193 3430 1213 3471 a
1235 3407 1330 3472 nobis
1353 3408 1432 3486 visa,
1455 3410 1512 3474 sed

459 3511 619 3575 veraciter
640 3510 757 3575 audita
779 3512 960 3588 retulimus,
983 3511 1065 3576 libet
1088 3517 1128 3576 ut
1150 3512 1185 3575 iu
1201 3532 1236 3575 re
1259 3511 1357 3575 simili
1372 3511 1453 3596 quid
1475 3512 1511 3576 in

459 3614 573 3678 eadem
604 3613 774 3698 provincia
804 3614 866 3700 ipsi
889 3613 931 3679 ab
958 3614 1073 3678 eodem
1103 3619 1215 3678 actum
1237 3613 1416 3678 viderimus
1439 3614 1511 3679 bre-

459 3716 549 3781 viter
571 3716 786 3780 absolvamus.
831 3715 894 3779 Die
909 3716 1013 3801 igitur
1027 3716 1177 3801 quadam,
1192 3716 1258 3780 iter
1278 3723 1396 3803 agente
1417 3739 1511 3782 semro

460 3819 533 3896 Dei,
556 3818 695 3904 contigit
717 3840 801 3895 eum,
824 3840 892 3882 non
914 3818 1011 3904 longe
1037 3841 1058 3883 a
1082 3825 1187 3883 castro
1210 3819 1298 3904 quod
1324 3820 1509 3907 Argentum
1522 3827 1663 3892 urgenda,

458 3920 666 4008 appellatur,s
688 3920 855 3985 tumulum
882 3942 993 3985 recens
1017 3922 1139 4007 sepulti
1172 3921 1318 4000 humaui,
1350 3928 1389 3986 ut
1419 3894 1676 3988 Vide-Nominum.

458 4025 567 4102 batur,
588 4023 756 4088 cadaveris
789 4023 874 4088 eirca
903 4023 1071 4110 publicum
1095 4045 1246 4109 aggerem
1269 4024 1415 4087 eominus
1438 4046 1510 4109 per-

458 4127 609 4213 spexisse.
656 4124 729 4205 Quo
760 4125 952 4212 diligentius
983 4129 1108 4202 notato,
1141 4124 1314 4189 confestim
1337 4125 1506 4190 substitit:

459 4231 661 4314 mittensque
683 4229 834 4315 protinus
857 4228 899 4293 ad
915 4226 1080 4305 ruricolas,
1096 4226 1224 4293 eminus
1246 4231 1355 4292 aratro
1371 4226 1508 4293 humum

459 4330 714 4420 proscindentes,
751 4330 868 4395 didicit
915 4330 1086 4415 eujusdam
1123 4329 1322 4406 homunculi,
1360 4332 1651 4411 ostiatimnpauper

459 4433 585 4520 pridem
606 4432 824 4497 mendicantis
845 4432 1043 4509 alimoniam,
1066 4431 1190 4497 ibidem
1212 4431 1312 4497 busta
1337 4435 1506 4499 contineri.
1519 4412 1653 4530 l'fflagl

459 4535 643 4601 Defunctus
665 4555 807 4620 namque
834 4534 922 4599 idem
946 4556 1067 4621 egenus
1089 4534 1126 4597 in
1157 4536 1308 4621 pauperis
1338 4537 1507 4623 cujusdam
1520 4545 1580 4595 side.

459 4661 516 4703 rus
539 4637 727 4724 proximum
756 4637 929 4703 incolentis
957 4637 1062 4715 domo,
1087 4644 1121 4702 et
1144 4658 1165 4701 a
1195 4638 1387 4724 presbytero
1418 4639 1508 4705 illius

494 4950 568 5014 ¹m]
588 4949 710 5009 SoMS.;
728 4965 774 4998 nos
785 4964 840 5012 rex,
851 4950 910 4999 Per.
1039 4949 1212 5017 'appelletud
1241 4950 1276 5001 So
1295 4950 1370 5010 Ms.;
1395 4956 1507 5013 vocatur,

491 5028 638 5095 ²E1pcdil]
673 5029 709 5081 So
737 5028 817 5089 Ms.;
851 5028 963 5094 Expedit
1005 5030 1066 5080 Per.

457 5107 619 5173 magara.
