4125 6334
472 1123 474 1130 '
543 1134 608 1197 208
765 1146 849 1196 vrrs
870 1147 896 1197 s
920 1144 1076 1196 nuooms
1099 1143 1367 1195 macommssrs

542 1331 558 1355 “
582 1320 711 1398 ercitus,
730 1342 823 1386 rosea
844 1322 965 1408 quibus
987 1342 1181 1387 coronemur
1201 1326 1334 1407 gestans
1357 1325 1453 1396 serta,
1467 1319 1599 1384 assistit

541 1432 557 1458 “
583 1423 780 1488 Laurentius
813 1424 975 1511 gloriosus
1012 1424 1112 1510 hujus
1142 1423 1208 1488 (liei
1239 1426 1419 1509 patronus;
1456 1421 1597 1499 assistit,

540 1531 559 1560 “
582 1526 726 1612 inquam,
749 1531 789 1591 at
806 1547 866 1592 nos
889 1527 931 1591 ad
955 1526 1063 1591 locum
1083 1524 1273 1591 certaminis
1293 1525 1334 1590 de
1357 1524 1534 1611 ergastulo,
1551 1523 1596 1589 ad

540 1636 559 1661 “
580 1628 762 1693 triclinium
785 1629 903 1694 aeterni
919 1627 1020 1715 Regis
1035 1628 1076 1694 dc
1096 1627 1253 1715 praesenti
1267 1628 1368 1693 exilio
1384 1648 1457 1693 cnm
1472 1627 1597 1714 gaudio

541 1738 558 1763 “
581 1730 723 1796 deducat
745 1729 907 1796 infinito.''

524 1857 529 1870 ·
586 1832 720 1898 Talibus
753 1834 924 1920 peroratis,
947 1839 1063 1899 essunt
1097 1833 1274 1911 carnifices,
1313 1832 1544 1920 producuntur
1577 1853 1595 1897 e

541 1956 666 2001 carcere
690 1935 815 2002 Cluisti
841 1935 997 2013 victimae,
1021 1941 1163 2001 exerunt
1193 1936 1341 2001 funestas
1367 1934 1521 2000 dexteras
1545 1955 1597 1999 sa-

540 2036 664 2103 tellites
694 2037 835 2115 Satanae,
865 2043 1040 2103 metuntur
1071 2038 1184 2125 fruges
1215 2037 1407 2114 Dominicae,
1441 2035 1597 2103 aethereis

541 2139 714 2205 confestim
736 2140 905 2227 apothecis
927 2140 1116 2205 inserendae.
1172 2139 1295 2205 Verum
1322 2138 1492 2205 lictoribus
1517 2138 1599 2204 hinc

541 2241 619 2306 inde
650 2246 784 2308 caeteros
814 2241 1027 2319 laniantibus,
1050 2241 1212 2307 athletam
1243 2241 1459 2306 fortissimum
1482 2240 1598 2306 nullus

541 2343 730 2434 impetebat.
777 2343 934 2430 Ingerere
957 2365 991 2409 se
1022 2344 1058 2407 in
1080 2364 1302 2431 percussorem
1332 2342 1512 2422 nitebatur,
1536 2343 1595 2409 sed

433 2459 472 2506 ss.
542 2467 610 2510 non
638 2445 824 2533 reperiebat
850 2446 907 2531 qui
939 2450 1093 2533 tangeret
1124 2467 1208 2511 eum.
1266 2445 1418 2511 Intuitus
1445 2445 1598 2511 enimet

541 2547 714 2613 miseratus
735 2547 824 2611 filius
846 2547 1013 2634 principis,
1029 2547 1085 2633 qui
1107 2548 1184 2613 huic
1198 2547 1362 2634 palaestrae
1384 2547 1597 2634 praesidebat,

374 2666 528 2718 Hectoreis
541 2672 639 2716 canos
676 2649 751 2728 viri,
789 2650 996 2736 formamque
1037 2650 1182 2737 eorporis
1221 2651 1347 2715 cunctis
1370 2649 1597 2736 spectabilem,

373 2737 469 2799 ΨΜ
540 2753 584 2817 ab
604 2752 696 2818 illius
718 2751 877 2818 effusione
900 2751 1072 2839 sanguinis
1095 2753 1285 2818 decreverat
1306 2752 1597 2839 supersedendum.

542 2855 643 2920 Hune
664 2855 776 2941 igitar,
799 2856 926 2921 caeteris
956 2854 1108 2920 omnibus
1138 2855 1180 2920 ad
1203 2854 1310 2921 sidera
1339 2854 1553 2932 transmissis,
1577 2877 1599 2919 a

540 2957 681 3021 vinculis
708 2957 807 3041 jubet
836 2956 988 3036 relaxari,
1023 2962 1124 3042 atque
1154 2956 1198 3020 ad
1220 2978 1297 3023 suos
1327 2957 1418 3022 abire
1443 2957 1596 3024 illaesum.

373 3077 521 3155 aerumna
542 3059 617 3140 Qui,
649 3064 766 3146 optata
791 3080 825 3124 se
854 3059 1075 3146 ingemiscens
1105 3058 1253 3124 fraudari
1285 3080 1415 3137 corona,
1447 3059 1597 3126 moestis·

374 3143 505 3194 ΜΝ·
541 3161 644 3226 simus
665 3162 895 3227 revertebatur
917 3161 961 3226 ad
983 3162 1123 3249 propria.

374 3286 507 3339 'rhemm-
588 3264 725 3330 Cunctis
762 3287 842 3331 vero
871 3264 999 3332 solebat
1028 3265 1139 3352 palam
1176 3264 1308 3345 referre,
1346 3265 1426 3351 quia
1457 3264 1598 3351 jugiter,

374 3354 470 3470 {5¹2ss
542 3369 621 3433 dum
644 3373 814 3434 teneretur
836 3368 872 3432 in
894 3368 1054 3455 praedicto
1073 3389 1208 3446 carcere,
1224 3374 1315 3433 certa
1337 3368 1480 3454 quadam
1503 3368 1594 3434 diei¹

374 3471 630 3566 occumbebant,
654 3494 722 3535 una
744 3493 818 3536 cum
841 3470 910 3535 suis
932 3471 1143 3557 concaptivis,
1167 3471 1393 3535 inaestimabili
1415 3470 1599 3557 perfruere-

373 3554 529 3670 ζξζξὴᾱέἦζ)
542 3580 598 3639 tur
624 3572 733 3638 odoris
757 3572 903 3636 nectarei
926 3573 1112 3637 suavitate:
1137 3573 1237 3658 cujus
1261 3579 1301 3637 ut
1323 3573 1496 3651 asserebat,
1519 3597 1598 3639 sua-

374 3676 511 3763 soncenii
541 3675 659 3739 vitatis
682 3673 817 3738 modum
840 3678 899 3738 aut
920 3674 1185 3761 magnitudinem
1209 3675 1301 3740 nulla
1322 3675 1510 3740 mortalium
1534 3684 1599 3742 ant

373 3767 466 3816 9¹¹⁸⁰¹¹·
542 3798 634 3841 mens
661 3776 839 3863 concipere,
863 3783 923 3841 aut
954 3777 1071 3864 lingua
1105 3784 1235 3865 poterat
1265 3778 1435 3865 explicare.
1493 3778 1598 3846 Unde

541 3880 644 3945 nimio
676 3879 813 3945 affectus
845 3880 955 3959 taedio,
991 3902 1090 3966 super
1119 3880 1244 3946 divinae
1274 3881 1364 3945 illius
1393 3881 1599 3947 visitationis

541 4006 606 4069 qua
636 3982 785 4069 quotidie
824 3982 912 4047 refici
945 3987 1161 4048 consueverat
1197 3984 1396 4070 privatione,
1427 4005 1488 4049 nec
1521 3984 1595 4069 jam

540 4087 707 4151 sustinens
731 4086 885 4150 secularis
908 4084 1181 4150 consuetudinem
1204 4085 1383 4165 vitae,cu1n
1408 4093 1598 4153 armaretur

541 4189 594 4253 die
618 4189 769 4274 quadam,
793 4196 834 4253 ut
861 4188 901 4252 de
928 4211 1017 4253 more
1043 4189 1232 4275 procederet
1255 4210 1330 4253 cum
1353 4187 1422 4253 suis
1452 4189 1494 4254 ad
1517 4211 1598 4255 con·

541 4294 667 4359 dictum
682 4300 846 4359 certamen
870 4295 1019 4360 exercitii
1038 4294 1200 4374 militaris,
1224 4295 1330 4381 digito
1352 4294 1458 4359 locum
1481 4317 1597 4380 quem-

542 4395 618 4459 dam
641 4395 816 4481 designans
846 4417 914 4460 non
944 4396 1058 4484 procul
1085 4419 1106 4460 a
1135 4419 1194 4462 suo
1225 4397 1403 4475 stomacho,
1430 4397 1596 4484 ingemuit

372 4488 523 4606 {Hffll'ff
542 4501 577 4562 et
607 4497 674 4561 ait:
700 4504 715 4531 “
730 4497 819 4573 Vae,”
852 4498 1012 4584 inquiens,
1047 4498 1158 4562 “mihi
1189 4499 1316 4576 misero,
1350 4501 1405 4585 qui
1437 4521 1458 4563 a
1488 4501 1598 4565 tantis

374 4573 521 4681 donadeus
542 4608 559 4636 “
582 4601 677 4665 bonis
700 4601 743 4665 ad
770 4601 836 4665 ista
860 4600 956 4677 mals,
980 4600 1122 4688 peccatis
1146 4602 1228 4666 meis
1251 4601 1468 4688 exigentibus,
1495 4602 1595 4668 devo·

372 4690 517 4821 ᾒζὲξξῐῑω
542 4716 558 4741 “
581 4706 671 4771 lutus
694 4709 786 4770 sum!
842 4705 965 4769 Verum
989 4712 1090 4783 tuam,
1116 4704 1145 4769 Ο
1172 4706 1222 4769 fili
1252 4706 1316 4771 Dei
1347 4707 1597 4792 omnipotentis,

373 4824 492 4940 fronlrdrhe
541 4820 557 4846 “
582 4832 682 4875 exoro
705 4806 921 4883 clementiam,
949 4808 1107 4892 quatinus
1133 4808 1230 4873 hodie
1256 4809 1376 4895 jubeas
1406 4809 1459 4874 hic
1487 4816 1597 4876 trans·

374 4905 426 4938 WOl'
455 4928 460 4939 .

543 4982 1258 4993 ——---—-——-———·—-—-————--.—--.-.-—-
1270 4983 1275 4988 .
1288 4983 1313 4988 ..-
1329 4982 1339 4988 .-
1352 4981 1410 4987 -.-..
1419 4982 1435 4986 -

943 5102 949 5132 ¹
961 5100 1024 5167 dice]
1044 5102 1085 5153 dic
1097 5103 1123 5152 in
1135 5102 1191 5154 MS.
