4125 6334
839 1151 942 1200 innan
965 1152 988 1212 1,
1013 1152 1082 1200 cnr.
1108 1152 1178 1199 xrs.
1476 1139 1517 1199 45

461 1330 480 1357 ‘¹
502 1323 648 1386 tuarium
663 1328 818 1387 eructans
841 1343 883 1385 ex
906 1320 968 1386 hoc
991 1322 1024 1385 in
1050 1320 1162 1386 illud.”
1209 1321 1246 1387 Si
1270 1321 1358 1385 enirn
1380 1320 1421 1385 de
1436 1326 1518 1385 tem·

460 1424 628 1510 poralibus
650 1424 750 1489 alicui
776 1423 969 1499 consuleret,
986 1424 1057 1488 sive
1080 1425 1122 1487 ab
1146 1424 1258 1508 aliquo
1285 1424 1518 1501 consuleretur,

460 1548 539 1591 rnox
563 1528 736 1591 consilimn
763 1548 821 1612 pro
854 1527 987 1612 negotio
1023 1526 1165 1590 instanti
1198 1525 1361 1590 referebat
1401 1548 1518 1612 oppor-

461 1633 583 1693 tunum
606 1629 778 1693 consulens
803 1650 887 1705 eum,
916 1627 969 1691 vel
993 1628 1037 1691 ab
1064 1650 1101 1692 eo
1132 1628 1308 1692 consilium
1338 1629 1517 1713 accipiens:

460 1731 517 1795 sed
540 1730 722 1810 confestim,
747 1730 882 1795 consilio
906 1728 1054 1807 salutari,
1077 1729 1118 1794 de
1142 1729 1274 1794 caducis
1296 1730 1339 1794 ad
1364 1752 1519 1794 mansura

459 1833 683 1898 consulentem
706 1837 741 1897 et
764 1832 951 1897 consultum
975 1829 1203 1896 transferebat.

505 1933 681 2012 Irrideant,
711 1934 739 1998 si
768 1931 961 2009 videbitur,¹
997 1933 1079 1997 talia
1103 1940 1364 2019 prosequentem,
1386 1937 1446 1997 aut
1469 1932 1519 1997 ni-

459 2038 564 2101 mium
586 2036 724 2117 literati,
741 2042 801 2102 aut
815 2058 932 2122 parum
957 2036 1091 2101 creduli.
1138 2036 1195 2101 llli
1219 2037 1364 2121 syllabas
1386 2044 1521 2123 captent

460 2145 495 2203 et
518 2138 683 2216 cavillent,
700 2138 756 2204 isti
780 2139 956 2203 sententiis
971 2138 1133 2224 derogent
1155 2145 1190 2204 et
1206 2138 1405 2204 discredunt.
1440 2138 1521 2225 Ego,

459 2247 498 2305 ut
518 2262 633 2305 verum
657 2240 771 2317 fatear,
794 2240 935 2305 literatis
957 2238 1169 2306 satisfacere²
1192 2241 1312 2319 nescio,
1337 2240 1520 2306 incredulis

460 2365 530 2408 non
552 2343 684 2409 sufficio.
731 2343 795 2408 His
818 2348 939 2421 autem,
956 2342 1077 2428 quibus
1100 2344 1169 2407 sola
1190 2365 1249 2429 per
1274 2342 1437 2429 seipsam³
1466 2364 1521 2408 ve-

464 2446 556 2522 ritas,
582 2446 683 2511 etiam
714 2446 805 2510 nullo
836 2445 947 2511 fucata
977 2446 1107 2511 ambitu
1134 2446 1310 2510 verborum
1341 2446 1456 2531 placet,
1487 2446 1520 2510 id

462 2548 552 2632 quod
575 2570 691 2612 verum
715 2548 795 2612 novi
818 2548 991 2612 celandum
1023 2569 1092 2612 non
1124 2547 1217 2627 duxi,
1242 2549 1299 2612 sed
1321 2548 1522 2614 fiducialiter

460 2650 638 2735 imperanti
672 2649 817 2715 osdendo
850 2650 981 2715 caritati
1016 2654 1056 2714 ut
1086 2649 1228 2714 facultas
1261 2650 1341 2715 tulit
1374 2650 1519 2736 exposui.

462 2751 617 2837 Syllabas
641 2751 929 2831 calumniantibus,
953 2756 1073 2836 utpote
1097 2750 1213 2830 doctis,
1241 2750 1394 2815 indoctus
1420 2750 1520 2830 cedo;

462 2853 719 2919 discutientibus
743 2854 919 2918 sententiae
944 2853 1130 2929 veritatem,
1147 2852 1190 2916 ad
1214 2852 1414 2917 defensionis
1438 2874 1519 2917 meae

463 2955 686 3042 patrocinium
709 2977 822 3020 omnes
846 2955 903 3040 qui
936 2954 1117 3041 Hugonem
1147 2959 1315 3020 noverunt
1337 2954 1520 3041 interpello.

465 3057 548 3137 Quis
570 3058 613 3122 ab
637 3057 792 3144 Hugone,
816 3057 953 3123 consilio
976 3057 1078 3123 etiam
1101 3057 1137 3121 in
1161 3057 1397 3143 temporalibus
1421 3058 1521 3122 desti-

463 3164 569 3237 tutus,
583 3181 651 3225 non
673 3159 846 3224 consilium
864 3159 982 3223 retulit
1004 3158 1257 3224 necessitatibus
1280 3160 1348 3224 suis
1371 3159 1521 3245 profutu-

464 3283 549 3337 rum,
587 3261 793 3349 sapientibus
824 3282 952 3347 quoque
986 3260 1087 3326 seculi
1124 3260 1223 3345 hujus
1260 3260 1521 3325 admirandum?

464 3364 569 3444 Quem
597 3385 675 3428 vero
705 3365 742 3427 in
773 3363 1010 3449 temporalibus
1040 3362 1194 3440 erudivit,
1219 3383 1316 3446 quem
1343 3360 1444 3425 mox⁴
1475 3362 1518 3427 ad

462 3470 624 3552 perpetua
646 3487 713 3530 non
735 3464 908 3530 incendit?

509 3567 722 3653 loquebatur
743 3567 779 3631 in
802 3566 946 3653 capitulo
969 3566 1205 3632 monachorum
1220 3567 1359 3631 verbum
1375 3566 1461 3647 Dei;
1484 3571 1518 3631 et

463 3668 692 3756 spiritualibus
707 3667 893 3755 spiritualia
913 3691 1114 3755 comparans,
1129 3669 1221 3755 quasi
1242 3675 1352 3734 musto
1367 3668 1518 3755 quodam,

461 3770 640 3857 pretiosis⁶
663 3792 775 3835 rerum
793 3769 1018 3856 spiritualium
1042 3771 1222 3857 pigmentis
1239 3770 1382 3848 condita
1402 3771 1518 3856 jocun-

464 3872 596 3937 dissime
619 3872 801 3949 debriabat,
816 3872 897 3937 vino
919 3872 998 3938 licet
1011 3871 1252 3937 meracissimo⁶
1275 3872 1518 3959 Scripturarum
1615 3911 1622 3925 ·

460 3973 587 4060 jugiter
613 3978 751 4060 potatos
808 3973 1022 4059 Loquebatur
1048 3974 1089 4038 in
1107 3974 1272 4038 auditorio
1294 3974 1463 4050 fratribus,
1485 3978 1519 4038 et

464 4076 665 4141 lactentibus
688 4076 739 4140 lac
762 4076 976 4163 apostolicum
1000 4074 1173 4141 affluenter
1190 4075 1415 4161 immulgebat.
1462 4074 1519 4139 Se-

462 4177 626 4241 cularibns
648 4177 707 4263 qui
730 4176 815 4242 forte
836 4176 1074 4242 advenissent⁷
1097 4177 1307 4262 loquebatur,
1324 4184 1358 4242 et
1382 4177 1519 4242 docebat

466 4279 589 4344 divites
620 4300 688 4345 non
720 4300 848 4365 sperare
881 4280 917 4343 in
949 4280 1076 4345 incerto
1109 4279 1325 4344 divitiarum:
1359 4301 1519 4366 pauperes

464 4381 642 4461 recreabat,
670 4384 710 4445 ut
732 4380 855 4464 licebat
881 4404 940 4467 pro
963 4382 1070 4467 rigore
1095 4382 1229 4461 ordinis,
1257 4383 1387 4447 diurnis
1417 4382 1517 4448 etiarn

501 4692 654 4752 'Irrideuaa
671 4694 695 4742 si
710 4692 844 4757 ridebitur]
865 4694 899 4744 So
919 4694 970 4752 B.;
992 4708 995 4755 ς
1048 4697 1145 4743 ὅηιιιείο
1155 4694 1267 4759 quodum,
1273 4697 1403 4763 pretiosis]
1424 4697 1517 4754 SoB.;

466 4772 625 4822 Anidebunt
636 4772 658 4822 si
670 4772 789 4835 viderint,
801 4771 829 4821 C.
992 4756 994 4796 l
1014 4781 1098 4823 musto
1110 4776 1217 4838 quodam
1228 4775 1345 4839 pretioso,
1357 4777 1385 4827 (ἶ

501 4876 679 4942 huiuscene]
694 4875 770 4926 Soc.
787 4896 794 4934 3
812 4863 995 4934 emesan*
1048 4853 1242 4917 ‘mmmm
1273 4853 1308 4902 3⁰
1336 4855 1386 4912 B*
1411 4854 1517 4904 limis·

500 4976 639 5041 ’scr‘prum]
659 4975 694 5024 So
705 4976 750 5033 B.;
763 4975 933 5039 semetipsum,
943 4975 972 5025 C.
992 4919 995 5006 l
1016 4930 1235 5061 suluii'rlginr'saent]
1265 4997 1298 5046 So
1318 4997 1348 5048 0.
1366 4998 1416 5047 aud
1436 4997 1516 5055 Pcz.;

502 5083 510 5110 ⁴
523 5081 589 5145 nor]
609 5083 644 5131 So
656 5080 686 5131 B.
698 5100 705 5136 ι
723 5096 784 5130 mox
797 5080 881 5138 etiam,
894 5080 922 5130 C.
993 5085 995 5098 ¹
1015 5075 1154 5130 advenisse.
1166 5077 1196 5125 B.
