4125 6334
587 1106 630 1177 74
812 1123 894 1172 VITA
917 1128 941 1174 S.
968 1122 1125 1174 Eudorus
1148 1125 1417 1175 LINCOLNIENSIS.

587 1307 603 1333 “
627 1320 726 1385 quam
749 1298 856 1366 bonus
872 1300 1081 1367 Christianus
1105 1298 1326 1388 participari.’'
1372 1299 1455 1366 Haec
1469 1299 1528 1376 itu,
1543 1298 1645 1363 immo

586 1407 621 1467 ct
650 1401 702 1466 his
731 1403 814 1468 satis
847 1403 989 1483 duriora,
1018 1404 1152 1470 Girardi
1182 1403 1412 1469 blandimenta
1442 1402 1644 1486 adtentum

586 1504 825 1570 dominatorem
849 1505 949 1571 fuisse
981 1507 1177 1571 referuntur.
1237 1505 1327 1586 Quid
1357 1526 1437 1570 vero
1467 1505 1523 1591 pio
1554 1504 1645 1568 inter

586 1609 652 1672 ista
666 1614 702 1673 et
716 1609 864 1675 modesto
879 1610 981 1695 priori
997 1632 1057 1675 suo
1072 1610 1176 1675 animi
1191 1608 1255 1673 fuit
1268 1613 1279 1672 1
1325 1607 1502 1673 Referebat
1524 1606 1644 1693 saepius

580 1710 654 1797 jam
675 1711 846 1799 episcopus
861 1714 944 1778 talia
966 1734 1042 1779 eum
1065 1719 1101 1779 et
1123 1716 1220 1779 tanta
1235 1717 1454 1799 prosecutum,
1470 1715 1511 1777 ut
1525 1709 1643 1775 horum

586 1820 661 1901 post
682 1821 817 1881 tantum
847 1818 1005 1904 temporis
1035 1818 1106 1905 ipse
1129 1816 1342 1882 reminiscens
1365 1819 1458 1880 totus
1482 1814 1645 1879 inhorres-

586 1923 681 1983 ceret.
727 1919 819 1986 Tune
841 1942 928 1998 vero,
952 1941 1026 1984 cum
1056 1920 1122 1984 ista
1152 1918 1340 2005 proferebat
1370 1918 1464 1985 heros
1495 1916 1560 1995 ille,
1591 1916 1644 1982 cui

587 2043 630 2086 ex
652 2022 781 2108 Spiritu
805 2023 870 2088 Dei
892 2028 989 2088 tanta
1010 2022 1146 2088 libertas
1169 2022 1244 2099 fuit,
1267 2022 1322 2087 hic
1344 2025 1441 2087 tanto
1466 2021 1536 2087 vioe
1558 2019 1646 2107 regis

508 2179 515 2194 .
587 2124 840 2191 suffundebatur
860 2125 1044 2203 ruberent
1066 2126 1126 2190 vix
1141 2124 1365 2190 confusionem
1381 2124 1486 2190 cordis
1509 2124 1560 2189 sui
1574 2123 1646 2210 ipse

587 2228 749 2294 toleraret.
812 2228 972 2294 Monebat
1001 2227 1138 2294 fratrem
1168 2230 1349 2294 modestius
1388 2227 1488 2305 effari,
1520 2226 1646 2292 talibus

587 2354 725 2419 parcere,
757 2336 816 2397 aut
854 2332 987 2419 penitus
1021 2332 1124 2398 silere.
1180 2332 1304 2398 Verum
1335 2332 1373 2409 is,
1396 2336 1436 2396 ut
1469 2337 1540 2396 erat
1570 2352 1646 2396 oon-

587 2434 732 2501 scientiae
754 2434 896 2521 purioris
919 2440 954 2500 et
976 2434 1167 2501 reverendae
1191 2435 1334 2513 canitiei,
1349 2434 1520 2521 sanguinis
1543 2434 1646 2499 etiam

587 2539 744 2624 generosi,
767 2539 864 2603 nihili
899 2539 1042 2604 ducebat
1065 2560 1268 2624 quaecunque
1292 2538 1439 2615 dixisset,
1463 2537 1544 2623 quin
1572 2536 1646 2622 jam

588 2640 706 2708 dictis¹
731 2642 797 2707 alia
819 2648 920 2728 atque
944 2643 1018 2719 alia,
1042 2642 1164 2727 quibus
1179 2641 1362 2729 principem
1385 2640 1564 2726 corrigeret
1586 2644 1647 2705 aut

587 2746 741 2823 erudiret,
763 2768 823 2811 nec
853 2745 961 2811 adhuc
987 2745 1126 2811 dicenda
1152 2744 1369 2810 subnecteret.
1416 2745 1554 2810 Putares
1569 2765 1646 2809 eum
1722 2763 1726 2769 ·

588 2869 662 2914 cum
686 2849 771 2926 Eliu,
787 2849 892 2914 amico
915 2848 1005 2913 beati
1020 2848 1043 2913 J
1045 2847 1096 2925 ob,
1113 2852 1222 2912 musto
1238 2848 1300 2912 zeli
1324 2847 1511 2913 debriatum
1533 2846 1646 2933 loqui:

420 2964 437 3014 J
441 2966 480 3014 ob.
488 2965 572 3015 xxxii.
588 2962 604 2986 “
628 2952 690 3029 En,
705 2957 823 3016 venter
838 2972 929 3015 meus
944 2951 1040 3035 quasi
1055 2955 1202 3015 mustum
1225 2950 1348 3036 absque
1364 2950 1533 3037 spiraculo
1557 2949 1647 3034 quod

420 3037 472 3171 ib>
492 3122 555 3172 ivs
588 3063 604 3089 ἐς
627 3054 821 3140 laguncfflffi
851 3075 954 3118 ¹¹⁰Va⁸
988 3052 1362 3139 di1·umpit;”i†,emque
1397 3064 1414 3090 “
1438 3053 1645 3140 Conceptum

589 3165 606 3192 ‘¹
630 3179 812 3222 samonem
837 3157 912 3242 quis
935 3157 1060 3245 poterit
1082 3156 1271 3241 cohiberet’

420 3272 475 3321 The
487 3271 549 3338 king
634 3260 759 3326 Verum
782 3260 909 3326 interea
932 3282 1044 3348 regem
1067 3259 1196 3325 videres
1222 3257 1520 3346 philosophantem.
1566 3259 1647 3325 Non

420 3340 550 3457 {ffibffie
588 3364 725 3430 vultus²
755 3364 959 3441 immutavit,
982 3385 1050 3428 non
1073 3362 1213 3428 verbum
1236 3361 1359 3442 edidit;
1393 3362 1494 3426 immo
1525 3363 1648 3427 tacitus

420 3473 574 3537 philosophi.
588 3472 622 3532 et
654 3468 855 3553 tranquillus
886 3467 1052 3532 dicentem
1082 3464 1252 3543 sustinuit,
1288 3487 1457 3551 quousque
1491 3465 1647 3531 universa

420 3541 507 3659 {1³23OE
519 3617 564 3658 not
588 3594 662 3657 quae
699 3576 810 3636 mento
849 3570 1049 3656 concepisset
1079 3591 1133 3633 ore
1164 3568 1350 3654 parturiret.
1412 3568 1559 3633 Tandem
1589 3569 1647 3634 ille

420 3677 554 3725 awornin
589 3675 740 3750 satiatus,
764 3673 1033 3759 pireoordialique
1067 3672 1287 3760 parturitione
1320 3677 1525 3749 exoneratus,
1546 3671 1647 3736 finem

420 3741 498 3807 reply.
590 3776 668 3841 fecit
691 3773 986 3862 objurgationibus,
1017 3780 1052 3840 et
1074 3774 1205 3840 silentio
1237 3774 1325 3838 labia
1346 3774 1549 3861 flagellantia
1572 3796 1648 3839 oon·

591 3881 716 3957 cedens,
732 3880 886 3966 spiritum
902 3879 1077 3955 continuit,
1092 3900 1206 3944 vocem
1221 3878 1382 3962 repressit.
1430 3876 1556 3942 Habito
1572 3884 1648 3963 post

592 3984 662 4050 haec
676 3984 719 4049 ab
735 3984 899 4048 universis
915 3983 1120 4070 aliquamdiu
1144 3982 1211 4045 alto
1227 3981 1368 4058 silentio,
1385 3981 1491 4066 priore
1514 3980 1647 4046 vultum

590 4109 658 4173 prae
682 4087 870 4153 confusione
895 4087 1108 4173 deprimente,
1132 4083 1234 4170 rege³
1257 4089 1367 4148 autem
1400 4083 1648 4170 subaspiciente,

592 4196 758 4275 sectusque
788 4191 910 4254 mentis
940 4190 1029 4255 iliius
1053 4212 1095 4254 ex
1118 4188 1266 4275 gestibus
1289 4188 1393 4274 ipsius
1416 4188 1647 4274 perpendente,

421 4298 459 4347 At
471 4298 559 4364 length
591 4293 638 4356 sic
661 4293 796 4358 tandem
827 4294 895 4379 ipse
926 4314 985 4356 rex
1016 4313 1107 4359 orsus
1130 4296 1181 4356 est
1211 4290 1310 4377 loqui.
1357 4290 1556 4372 “Quidnam
1578 4288 1648 4368 tu,''

420 4381 435 4413 8
471 4381 549 4416 1985811
592 4397 599 4409 ·
673 4396 680 4410 ι
859 4397 865 4410 ·
1140 4396 1146 4408 ·
1475 4394 1482 4408 ι

421 4366 506 4497 lidgn.
590 4402 708 4481 rnqu1t,
748 4395 1037 4461 “meditabundus
1083 4395 1246 4460 dehberas
1291 4399 1409 4472 tecum,
1449 4417 1502 4460 vir
1539 4395 1649 4461 bone?

591 4506 608 4533 “
632 4498 724 4562 Num
740 4497 841 4562 etiarn
857 4497 916 4562 tu⁴
939 4500 1029 4564 abire
1046 4498 1202 4585 disponis,
1219 4504 1253 4563 et
1269 4498 1382 4563 cedere
1398 4498 1493 4563 nobis
1507 4520 1646 4585 regnum

623 4696 701 4760 'quin
713 4695 770 4761 jam
788 4694 874 4762 dictio]
895 4696 930 4747 So
949 4696 999 4756 C.;
1023 4712 1118 4766 suamy
1174 4696 1260 4763 ³repe]
1292 4698 1327 4748 So
1347 4694 1378 4747 B.
1399 4698 1449 4747 and
1475 4698 1523 4756 C.;
1553 4712 1645 4764 regem,

590 4780 639 4839 (or,
665 4776 686 4824 si
708 4774 875 4838 jamdictis,
894 4776 926 4825 B.
960 4776 1019 4825 Pez.
1040 4776 1094 4837 has,
1116 4795 1118 4866 q
1140 4777 1200 4827 Pez.
1236 4784 1314 4826 aarum
1332 4776 1359 4825 in
1385 4776 1416 4827 B.
1434 4779 1485 4827 and
1507 4776 1575 4839 Pea,
1601 4780 1648 4835 but

590 4861 605 4884 ‘⁶
618 4857 681 4921 quin
692 4854 848 4906 diceretalia
866 4891 872 4905 .
891 4891 897 4904 .
916 4892 922 4905 .
940 4855 1058 4917 erudiret,
1071 4863 1096 4906 et
1116 4881 1119 4936 p
1142 4856 1223 4907 notin
1237 4858 1265 4908 C.

590 4943 605 4965 ‘⁶
618 4937 669 4987 alia
681 4937 764 4986 adhue
776 4935 883 4985 dicendo
895 4936 1078 4987 subnecteret.’'
1116 4948 1119 5002 1
1176 4938 1183 4965 ⁴
1196 4936 1265 4985 Nam
1277 4938 1350 4986 etiam
1363 4938 1402 5002 ta]
1424 4937 1459 4988 So
1472 4937 1503 4988 B.
1517 4939 1568 4988 and
1580 4938 1639 4988 Per.

622 5014 736 5081 ’cultaq
766 5016 801 5067 So
818 5015 848 5066 B.
868 5016 918 5064 and
937 5015 1013 5077 Peap
1037 5016 1094 5066 vul·
1117 5028 1119 5044 ¹
1141 5016 1272 5080 Numquid
1284 5025 1308 5066 ct
1320 5024 1355 5080 tu,
1365 5017 1407 5078 (λς
1421 5017 1595 5082 Numquidtu,
1604 5017 1647 5071 W.

590 5102 650 5157 tum,
663 5095 691 5147 C.
704 5097 754 5147 and
764 5095 807 5148 W.
820 5097 851 5146 de
862 5096 964 5148 Worde.
1142 5098 1172 5145 de
1184 5096 1286 5147 Worde.
