4125 6334
595 1143 658 1206 214
817 1155 900 1202 rurs
923 1157 948 1203 a
972 1153 1129 1202 sreosrs
1151 1153 1423 1203 menmsls

594 1333 738 1398 culorum
772 1329 1026 1417 pestiferumque
1057 1350 1161 1416 genus
1196 1351 1319 1415 magno
1350 1329 1506 1397 fidelium
1541 1334 1664 1400 sudore

595 1437 747 1500 alrrasurn
773 1447 831 1511 ast,
858 1454 897 1497 ac
921 1432 994 1497 Deo
1018 1432 1197 1496 miserante
1219 1432 1373 1498 deletum

640 1538 718 1602 ‚Jarn
750 1558 828 1601 vero
863 1537 903 1601 de
937 1536 1063 1600 [lu-isti
1098 1536 1210 1623 pugile
1240 1535 1420 1601 fortissimo
1454 1537 1492 1601 id
1529 1561 1663 1627 qnoque

599 1641 800 1706 referendum
824 1645 884 1717 est,
904 1640 992 1725 quod
1015 1639 1047 1704 ei
1071 1639 1237 1704 infirmius
1253 1641 1432 1727 sumpisse
1453 1644 1664 1728 agnovimus,

598 1767 670 1810 euru
695 1745 741 1808 sit
765 1743 878 1808 audire
907 1765 1015 1830 operae
1046 1744 1200 1829 pretium.
1246 1743 1335 1807 Nam
1358 1750 1392 1808 et
1416 1745 1508 1832 rigor
1534 1749 1664 1833 pariter

598 1855 632 1910 et
665 1846 845 1911 moderatio
877 1846 982 1910 saneti
1016 1846 1144 1910 ordinis
1174 1844 1264 1909 illius
1294 1867 1338 1910 ex
1369 1867 1409 1911 eo
1444 1848 1662 1916 vehementer

599 1951 725 2014 elucet:
765 1955 800 2015 et
836 1950 889 2014 vir
927 1954 1089 2027 strenuus,
1128 1948 1186 2034 qui
1224 1948 1418 2014 humanitus
1450 1955 1661 2040 sumptione

600 2053 740 2140 quadam
773 2051 896 2138 impelli
926 2052 969 2116 ad
1006 2052 1135 2137 lapsum
1166 2051 1353 2131 videbatur,
1387 2075 1488 2138 quam
1521 2077 1557 2120 se
1587 2056 1661 2143 ipso

599 2156 715 2220 sortior
753 2154 933 2219 surrexerit
967 2154 1109 2219 subinde
1139 2154 1394 2219 demonstratur.
1449 2156 1538 2221 Cum
1569 2159 1661 2224 enim

602 2257 727 2324 Christi
750 2257 844 2320 miles
867 2256 1032 2337 emeritus,
1053 2278 1091 2320 ae
1115 2256 1318 2343 praevalidus
1341 2258 1450 2324 vineae
1472 2259 1662 2328 Dominieoe

601 2359 776 2446 operarius,
801 2380 1062 2445 quaquaversum
1090 2358 1268 2424 dilatatam
1298 2361 1382 2424 sacri
1405 2361 1505 2449 hujus
1535 2365 1663 2432 ordinis

602 2464 800 2550 religionem,
825 2484 863 2527 ae
895 2463 922 2527 si
954 2463 1035 2528 vitis
1070 2462 1275 2528 electissima
1309 2466 1535 2550 propaginem,
1563 2469 1663 2534 annis

436 2579 539 2640 sanare,
597 2568 668 2654 jam
683 2566 863 2631 innumeris
878 2565 985 2653 rigare
1001 2587 1067 2630 non
1083 2564 1286 2647 destitisset3
1310 2571 1345 2631 et
1363 2567 1435 2652 jam
1451 2571 1663 2637 centenarius

437 2648 537 2696 '¹¹⁰⁰'
603 2669 800 2751 (tartunam,
823 2668 881 2734 ubi
914 2692 1013 2734 merae
1045 2669 1214 2756 religionis
1249 2669 1327 2733 olim
1360 2691 1442 2756 puer
1473 2679 1663 2761 susceperat

435 2715 548 2765 liuudred

437 2796 510 2847 years
523 2781 573 2838 olu,
602 2774 762 2853 habitum,
786 2795 947 2853 reversus,
969 2773 1010 2837 de
1034 2777 1153 2838 caetero
1181 2771 1286 2858 quieti
1318 2795 1451 2860 operam
1483 2776 1564 2841 dare
1596 2778 1662 2843 dis·

437 2850 579 2978 pplgpqto
604 2881 758 2964 ponerem
792 2880 928 2961 repente
955 2874 1095 2959 jubetur
1127 2874 1161 2938 in
1197 2873 1336 2939 Daciam
1368 2898 1514 2963 pergere,
1550 2877 1664 2967 ibique

437 2983 538 3062 prasion
604 2979 743 3044 novellus
764 2979 881 3043 itidem
905 2977 1115 3066 plantationi,
1133 2975 1313 3043 fundandae
1336 2979 1461 3044 seilicet
1482 2980 1523 3046 de
1537 2983 1664 3049 reoenti

438 3050 574 3168 fflisskl'm'
604 3082 733 3148 cuidam
757 3082 877 3161 domui,
905 3085 1073 3146 consuetae
1105 3080 1264 3145 solatium
1294 3082 1468 3169 rigationis
1498 3084 1663 3153 exhibere

604 3187 689 3250 'l'um
714 3185 777 3265 ille,
793 3207 860 3249 non
876 3185 1003 3251 modice
1018 3184 1181 3265 turbatus,
1197 3206 1257 3249 nec
1274 3188 1344 3249 tam
1367 3185 1497 3251 itineris
1512 3189 1665 3274 quamtis

606 3290 762 3378 longioris
794 3290 939 3375 satisque
974 3288 1132 3353 laboriosi
1165 3287 1371 3374 fatigatione,
1396 3311 1496 3374 quam
1526 3290 1593 3356 sibi
1624 3293 1665 3358 ab

606 3396 685 3459 elim
723 3398 908 3479 suspectam
940 3393 1050 3478 gentis
1082 3391 1171 3456 illius
1204 3391 1434 3456 enherreseena
1467 3393 1664 3478 barbariem,

608 3499 737 3582 signum
769 3518 836 3559 sua>
869 3495 974 3558 fronti
1006 3494 1124 3559 salutis
1159 3494 1351 3581 imprimens
1381 3494 1555 3562 confestim
1593 3500 1664 3564 ait:

608 3608 624 3635 ‘⁴
651 3600 675 3662 Α
714 3596 953 3660 Denemarclria
984 3596 1089 3660 libera
1122 3619 1191 3674 nos,
1224 3598 1392 3662 Domine.”
1440 3598 1667 3666 Consueverat

444 3725 594 3788 alsy-aro·
609 3701 706 3774 euim,
731 3720 920 3784 quanquam
953 3698 1055 3764 laicus
1079 3705 1113 3764 et
1144 3701 1332 3779 illiteratus,
1356 3702 1397 3765 ad
1429 3703 1560 3789 singula
1582 3727 1666 3792 pene

444 3792 564 3846 '‘¹¹⁰¹·¹¹¹¹‘¹
610 3803 709 3869 verba
733 3802 969 3887 seriptruarum
993 3803 1197 3868 sermonibus
1220 3826 1301 3890 quos
1324 3826 1385 3868 usu
1409 3804 1581 3872 didicisset
1604 3809 1665 3874 uti.

446 3859 567 3907 ''huni‘'
660 3907 734 3969 l’ost
758 3905 827 3969 hmo
850 3905 1029 3970 advolvens
1053 3930 1086 3970 se
1113 3907 1251 3993 pedibus
1278 3907 1396 3993 prioris
1418 3910 1478 3984 sui,
1503 3910 1667 3997 supplica-t

612 4009 800 4088 instantiae,
825 4031 866 4073 ne
884 4010 953 4094 jam
979 4010 1182 4096 decrepitum
1205 4016 1300 4096 cegat
1323 4010 1451 4076 animos
1473 4011 1667 4079 indocibiles

611 4112 818 4180 addiscendis
848 4111 1018 4177 hominum
1051 4112 1266 4176 barbarorum
1290 4113 1412 4178 ritibus
1444 4114 1569 4200 ignotis
1591 4116 1666 4180 sub

607 4219 716 4301 jicero,
740 4220 775 4279 et
798 4216 938 4279 ferendis
963 4238 1075 4281 eorum
1102 4215 1256 4295 moribus,
1288 4238 1369 4302 quos
1401 4238 1528 4303 semper
1551 4219 1669 4284 exhor-

612 4319 726 4390 ruerit,
751 4319 898 4383 stralium
922 4320 1043 4384 mentis
1058 4319 1222 4385 violenter
1244 4320 1416 4384 inflectere.
1463 4320 1669 4388 Memorabat

607 4425 677 4510 jars
702 4423 784 4486 satis
808 4445 876 4486 esse
902 4424 989 4509 quod
1015 4428 1153 4488 eatenus
1177 4424 1219 4486 ad
1246 4423 1435 4507 hujusmodi
1462 4424 1668 4506 decrevisset,

613 4527 663 4591 eui
696 4531 731 4590 et
754 4530 835 4590 relus
859 4530 892 4591 et
916 4526 1069 4590 debilitas
1092 4525 1278 4590 feriandum
1303 4526 1343 4590 de
1366 4532 1482 4592 caetem
1515 4550 1535 4593 a
1565 4530 1670 4596 tantis

616 4629 781 4695 laboribus
809 4627 903 4714 justa
936 4629 1065 4693 ratione
1098 4629 1354 4715 praescriberent.
1402 4636 1421 4665 “
1434 4630 1498 4710 Qui
1531 4631 1620 4698 enim
1650 4658 1671 4699 a

616 4745 631 4768 ¹·
657 4729 821 4804 senioris?
854 4731 972 4816 inquit,
1008 4737 1024 4765 “
1037 4731 1189 4816 partibus
1223 4733 1287 4797 huc
1320 4733 1464 4811 tandem,
1486 4736 1671 4821 respirandi

616 4852 630 4870 ¹·
656 4837 771 4922 gnatia,
805 4839 839 4896 ut
874 4833 1025 4919 spiritum
1062 4834 1102 4897 ad
1136 4840 1287 4899 extrema
1324 4838 1539 4923 praepamndi
1578 4844 1673 4904 artus

615 4950 630 4974 “
655 4941 843 5004 tiitiseiutes
876 4936 993 5000 referre
1027 4941 1199 5024 tantopere
1233 4941 1355 5017 curavi,
1379 4937 1543 5026 quodam¹
1576 4948 1673 5029 pacto

667 5067 995 5078 —-·—---———-—---·
1008 5069 1130 5076 —-—
1158 5071 1166 5076 .
1337 5071 1383 5078 ——

950 5124 1087 5194 denudes]
1106 5128 1342 5198 quondum-indis.
