4125 6334
583 1125 625 1185 20
805 1135 887 1185 v1ra
911 1136 936 1185 s
960 1135 1117 1185 nuoosrs
1141 1133 1410 1183 mneonnmnsrs

415 1329 510 1378 recres.
523 1329 555 1379 iv.
581 1295 624 1374 ne
650 1309 713 1374 sibi
739 1308 934 1394 quandoque
962 1308 1025 1372 dici
1061 1307 1243 1394 potuisset:
1280 1316 1295 1341 “
1313 1306 1374 1372 Vae
1405 1304 1477 1381 soli,
1500 1305 1578 1391 quia
1610 1306 1639 1370 si

419 1402 448 1443 ¹⁰
580 1412 742 1487 ceciderit,
776 1433 844 1475 non
882 1410 983 1474 habet
1025 1407 1281 1474 sublevantem.''
1346 1407 1461 1474 Sciens
1500 1428 1639 1494 quoque,

577 1515 678 1599 juxta
704 1512 770 1576 viri
793 1511 976 1577 doctissimi
1010 1511 1218 1588 sententiam,
1242 1510 1328 1576 sicut
1353 1509 1495 1595 junioris
1519 1509 1639 1595 jocun-

581 1615 715 1690 diorem,
730 1615 779 1679 ita
801 1613 1076 1679 cohabitationem
1100 1611 1208 1678 ssnis¹
1226 1612 1393 1690 tutiorem,
1408 1610 1640 1700 presbyterum

579 1718 841 1793 concanonicum,
866 1716 962 1781 annis
992 1723 1027 1782 et
1048 1712 1195 1781 moribus
1215 1737 1351 1801 gravem
1373 1714 1411 1779 in
1440 1715 1564 1780 socium
1586 1736 1639 1780 ac·

582 1820 678 1905 cepit.
723 1818 835 1904 Agelli
873 1840 984 1883 euram
1023 1825 1057 1883 et
1090 1818 1265 1882 vinearum
1303 1816 1437 1883 rusticis
1473 1815 1640 1882 timoratis

471 1944 473 1948 ·
583 1921 823 1998 commendans,
854 1921 924 2006 ipse
950 1940 1030 1985 vero
1060 1919 1195 1985 lectioni
1232 1923 1267 1984 et
1306 1918 1451 1986 orationi
1488 1916 1638 1984 vacabat.

417 2032 459 2083 Ps.
469 2034 513 2083 liv.
523 2040 563 2084 aa.
582 2022 720 2087 Jactans
759 2043 888 2107 quoque
917 2020 952 2085 in
993 2021 1137 2086 Domino
1175 2021 1367 2107 cogitatum,
1393 2025 1428 2086 et
1451 2028 1468 2055 “
1491 2019 1640 2086 solicitus

418 2101 498 2216 ἔξω
511 2102 555 2152 ‘³³'
584 2130 601 2159 “
625 2147 698 2210 quae
721 2123 786 2188 Dei
809 2128 897 2200 sunt,
913 2123 1078 2209 quomodo
1094 2121 1237 2209 placeret
1261 2122 1360 2200 Deo,”
1383 2122 1468 2206 nihil
1491 2122 1532 2188 de
1554 2144 1641 2188 cras-

459 2296 463 2302 ·
583 2226 663 2303 tino,
687 2247 793 2310 neque
813 2225 854 2289 de
874 2225 1034 2290 hodierno
1050 2225 1193 2290 multum
1216 2224 1372 2302 solicitus,
1387 2223 1549 2311 psallebat
1563 2246 1639 2289 eum

417 2337 459 2386 Pa.
473 2327 711 2405 mendacia,
736 2337 752 2362 “
777 2328 915 2413 Propter
937 2347 1058 2391 nomen
1081 2333 1186 2404 tuum,
1203 2326 1355 2411 Domine,
1378 2327 1449 2392 dux
1469 2325 1552 2392 mihi
1574 2328 1640 2393 eris

584 2438 600 2463 “
624 2436 659 2494 et
681 2430 827 2494 enutries
849 2427 930 2493 me.'’
975 2428 1076 2493 Unde
1099 2436 1133 2494 et
1165 2428 1330 2494 Dominus
1352 2428 1413 2507 sui,
1440 2450 1640 2515 suorumque

583 2533 641 2617 qui
664 2553 773 2596 secum
804 2536 908 2608 erant,
935 2538 1069 2618 propter
1095 2532 1166 2616 ejus
1189 2531 1288 2597 fidem
1315 2531 1459 2618 benigne
1481 2530 1639 2609 solicitus,

583 2656 714 2698 omnem
738 2633 880 2720 gratiam
902 2633 1073 2698 abundare
1096 2632 1239 2698 faciebat
1261 2633 1298 2696 in
1321 2632 1388 2697 eis:
1413 2633 1478 2719 ipsi
1508 2655 1639 2720 quoque

583 2736 799 2813 abundantes,
830 2735 980 2822 exemplo
1009 2735 1163 2821 junioris,
1194 2734 1231 2798 in
1261 2757 1358 2801 omne
1393 2757 1475 2821 opus
1504 2736 1639 2813 bonum,

582 2840 697 2915 sobrie,
719 2840 781 2924 pie,
798 2843 832 2903 et
850 2839 941 2923 juste
964 2837 1137 2914 vivebant,
1161 2838 1272 2924 egenis
1299 2838 1491 2902 alimoniam
1515 2839 1640 2904 submi-

582 2941 771 3016 nistrantes,
786 2940 947 3005 divitibus
970 2940 1256 3004 honorificentiam
1272 2939 1474 3005 exhibentes.
1520 2940 1640 3026 Sioque

582 3040 707 3105 factum
733 3045 844 3105 estut
867 3041 903 3104 in
928 3041 1030 3117 brevi,
1046 3041 1137 3106 locus
1160 3063 1279 3119 rerum,
1295 3041 1411 3108 incolae
1434 3062 1562 3106 morum
1579 3044 1641 3108 sti-

582 3141 712 3227 pendiis
742 3141 850 3218 ditati,
881 3142 1040 3208 celebrem
1070 3143 1236 3230 opinionis
1265 3144 1362 3210 bonae
1384 3145 1637 3232 circumquaque

584 3243 764 3329 [samam]²
786 3244 977 3311 obtinerent
989 3270 997 3326 3
1020 3267 1120 3311 sacrae
1143 3268 1223 3312 vero
1246 3246 1488 3312 exhortationis
1515 3248 1638 3327 studio,

581 3368 649 3414 non
664 3346 770 3412 solum
793 3347 969 3413 ecclesiolae
985 3370 1053 3413 suae
1069 3349 1293 3435 parochianos,
1308 3370 1424 3414 verum
1444 3349 1546 3415 etiam
1561 3373 1637 3417 con-

581 3450 721 3514 duentes
755 3450 902 3535 undique
931 3450 1047 3515 turbas
1085 3451 1128 3516 ad
1165 3450 1368 3516 audiendum
1402 3453 1541 3517 verbum
1572 3452 1638 3519 Dei

581 3552 760 3615 instantius
783 3550 956 3627 edoceret,a
979 3573 1117 3617 monens
1140 3574 1416 3639 unumquemque,
1441 3577 1501 3641 pro
1529 3560 1639 3623 status

582 3654 634 3717 sni
672 3653 870 3728 conditione,
908 3653 1228 3740 irreprehensibilem
1259 3677 1294 3720 se
1332 3656 1503 3723 catholicae
1533 3660 1638 3724 tradi·

580 3754 692 3829 tionis,
717 3762 751 3819 et
774 3755 838 3841 piae
860 3777 920 3841 per
942 3756 1054 3821 omnia
1078 3757 1338 3823 conversationis
1362 3764 1557 3825 sectatorem
1581 3784 1637 3828 ex-

580 3855 698 3921 hibere.

961 4062 1171 4128 Oarrrmun
1194 4062 1254 4127 VI.

581 4195 752 4281 [Qrarh'ter
775 4196 869 4263 illud
891 4198 1115 4283 conspolium,
1144 4199 1185 4266 st
1206 4200 1456 4286 peccaveritis
1476 4207 1506 4267 tc
1522 4201 1638 4288 stater

589 4348 594 4357 .
669 4305 760 4375 tans,
783 4306 846 4377 etc,
862 4322 941 4385 crya
960 4300 1217 4388 parochianam
1231 4324 1334 4369 stram
1348 4324 1451 4391 saper
1465 4303 1637 4372 aecem

669 4400 883 4485 infamatum
905 4403 1165 4490 adimpleverit]

411 4577 513 4644 Hugh’s
624 4551 707 4617 Erat
730 4553 864 4631 autem,⁴
888 4556 978 4620 inter
1008 4557 1150 4622 creditas
1178 4580 1265 4624 curae
1292 4581 1361 4623 sure
1385 4558 1541 4637 oviculas,
1564 4560 1637 4627 ovis

411 4651 565 4761 ffiffitl·
579 4653 730 4738 qnaedanr
753 4655 905 4720 morbida
928 4663 962 4722 et
987 4660 1136 4736 erratica,
1153 4659 1277 4746 lupinis
1304 4660 1467 4726 morsibus
1490 4662 1578 4728 ultro
1601 4685 1637 4728 se

1352 4827 1398 4833 -—
1402 4828 1414 4832 .-
1434 4827 1457 4833 a-
1466 4827 1629 4836 ——u--

614 4890 711 4954 ἐεηίε]
733 4891 766 4939 So
778 4889 834 4940 MS.
849 4910 856 4950 ;
874 4891 988 4954 senioris,
1001 4894 1060 4943 l'ez.
1163 4894 1304 4961 2ιεόοοονεί]
1334 4896 1369 4948 so
1399 4895 1477 4955 MS.;
1507 4898 1636 4961 edocebat,

612 4969 739 5034 '²somam]
760 4969 824 5018 This
836 4972 914 5032 word,
925 4972 1004 5022 notin
1017 4971 1083 5033 Ms,
1133 4977 1192 5027 Pez.

579 5046 600 5094 is
612 5048 692 5097 added
702 5048 768 5097 from
780 5049 840 5098 Pez.
1160 5058 1274 5123 ‘calend
1297 5059 1331 5111 So
1342 5059 1424 5118 Pez.;
1442 5060 1549 5109 enimin
1562 5059 1621 5111 MS.
1708 5106 1712 5114 .
