4125 6334
600 1129 643 1193 58
823 1108 907 1191 ¹vrrs
929 1143 954 1191 s
968 1142 1138 1192 ,uuooms
1160 1142 1429 1193 muoomrmrsrs
1453 1204 1454 1209 η

601 1325 619 1352 “
642 1338 701 1382 cur
723 1316 773 1381 ita
790 1316 880 1401 jaces
901 1336 1024 1402 pronus
1046 1316 1082 1380 in
1104 1320 1215 1381 term?
1259 1315 1373 1402 Surge,
1396 1322 1431 1382 et
1452 1316 1538 1382 velle
1560 1322 1657 1383 tuum

603 1428 620 1456 “
647 1418 845 1485 fiducialiter
877 1416 1020 1484 enarra''
1076 1417 1138 1483 Ille
1159 1430 1241 1484 vero
1270 1419 1313 1483 ad
1339 1440 1435 1483 eum:
1473 1425 1489 1456 “
1506 1418 1564 1497 0‚”
1598 1420 1657 1500 ait,

598 1530 615 1559 “
639 1526 734 1609 pater
762 1520 856 1598 bone,
886 1525 922 1586 et
949 1520 1096 1585 nutritor
1122 1520 1232 1586 meus¹
1267 1521 1422 1607 piissime,
1454 1520 1573 1609 affligit
1603 1545 1657 1588 me

597 1623 809 1710 “usquead
837 1629 978 1689 mortem
1007 1623 1063 1688 lex
1091 1624 1216 1710 peccati
1245 1627 1280 1689 et
1311 1624 1428 1688 mortis
1450 1645 1524 1709 quae
1546 1625 1657 1689 estin

597 1737 615 1763 “
639 1727 795 1792 membris
817 1726 916 1807 meis3
939 1732 974 1791 et
995 1726 1060 1791 nisi
1083 1748 1173 1791 more
1196 1726 1294 1791 solito
1317 1725 1486 1792 auxilieris
1508 1726 1599 1803 mihi,
1614 1750 1657 1792 en

596 1840 612 1866 ‘¹
637 1831 796 1895 morietur
828 1851 909 1917 puer
940 1829 1045 1894 tuns''
1106 1830 1175 1894 Vix
1205 1829 1331 1894 dictum
1367 1828 1597 1915 compleverat,
1621 1836 1657 1895 et

598 1937 731 1999 sanctus
754 1933 801 1997 sic
826 1933 962 2019 paucis:
993 1938 1012 1966 “
1028 1930 1147 2009 Bene,”
1170 1933 1290 2018 inquit,
1317 1940 1333 1966 ‘⁴
1349 1931 1536 1997 auxiliabor
1564 1932 1655 1999 tibi?

598 2036 743 2121 Moxque
765 2034 938 2122 patefactis
968 2034 1138 2112 novacula,
1161 2057 1262 2121 quam
1288 2056 1390 2099 manu
1421 2039 1533 2100 tenere
1561 2036 1655 2106 vide

596 2139 702 2214 batur,
726 2138 906 2204 visceribus
928 2137 1008 2223 ejus,
1022 2138 1117 2223 quasi
1134 2143 1295 2202 strumam
1310 2137 1441 2223 igneam
1464 2138 1541 2204 inde
1563 2138 1655 2203 visus

597 2246 648 2307 est
658 2241 849 2318 exsecuisse,
864 2246 898 2305 et
911 2240 1043 2327 longius
1057 2246 1154 2305 extra
1167 2240 1284 2306 cellam
1301 2239 1494 2326 projecisse:
1511 2241 1655 2326 dataque
1694 2258 1700 2269 ·

596 2344 833 2422 benedictione,
857 2343 1003 2408 medicus
1025 2342 1181 2408 discessit.
1229 2340 1353 2429 AEger²
1372 2347 1516 2424 sanatus,
1540 2347 1574 2408 et
1588 2343 1654 2408 sibi

596 2447 753 2524 redditus,
790 2468 905 2511 somno
937 2445 1086 2532 firgiente
1119 2445 1243 2511 resedit
1255 2469 1264 2524 ;
1296 2445 1516 2530 laetatusque³
1554 2468 1655 2533 supra

597 2549 731 2615 modum
764 2550 806 2615 de
832 2554 963 2614 ostensa
988 2548 1053 2613 sibi
1076 2549 1226 2615 claritate
1248 2548 1384 2614 nutritii
1407 2550 1468 2626 sui,
1491 2550 1550 2633 qui
1572 2555 1653 2614 ante

596 2648 744 2735 aliquot*
758 2670 862 2714 annos
877 2648 1079 2735 migraverat
1103 2649 1145 2713 ad
1168 2648 1358 2725 Dominum,
1374 2646 1596 2713 omnimodis⁶
1620 2653 1654 2715 et

596 2754 633 2818 in
655 2749 776 2817 corde⁰
800 2756 834 2816 et
856 2752 893 2815 in
916 2773 1013 2817 carne
1035 2773 1070 2816 se
1092 2751 1216 2838 reperit
1238 2750 1461 2815 immutatum.

430 2868 583 2919 Tuisvision
642 2854 773 2919 Horum
806 2876 967 2919 summam
993 2876 1068 2918 cum
1091 2854 1133 2918 ab
1155 2853 1261 2940 ipsius
1284 2874 1338 2917 ore
1363 2852 1525 2939 Hugonis,
1549 2876 1652 2920 seore-

429 2936 522 2985 rclated
534 2943 560 2985 to

431 3002 474 3051 the
486 3003 577 3052 author

429 3069 463 3130 by
477 3069 556 3132 Ilugh

430 3134 536 3185 hinacls.

490 3685 527 3728 ll.

599 2957 666 3022 tius
688 2979 817 3022 mecum
844 2956 1021 3042 loquentis,
1051 2954 1198 3043 pluries⁷
1230 2956 1417 3044 acceperim,
1440 2957 1476 3020 in
1509 2963 1658 3023 extrema

601 3061 734 3126 demum
770 3058 971 3145 aegritudine
1005 3082 1066 3123 sua
1099 3059 1228 3146 planius
1257 3063 1292 3124 et
1326 3058 1519 3145 diligentius
1548 3061 1654 3125 totius

600 3166 740 3229 eventus
771 3162 928 3238 ordinem,
951 3161 1038 3226 sicut
1067 3182 1142 3226 eum
1171 3162 1268 3227 modo
1300 3161 1428 3247 digessi,
1454 3161 1537 3226 mihi
1560 3183 1652 3227 euar-

597 3266 694 3331 ravit.
743 3264 912 3346 Quaerenti
926 3287 1005 3331 vero
1028 3272 1140 3330 utrum
1163 3265 1307 3350 aliquem
1327 3269 1440 3350 postea
1462 3264 1652 3349 hujusmodi

598 3368 737 3435 senserit
758 3369 794 3433 in
817 3390 913 3434 carne
936 3391 996 3433 sua
1021 3373 1158 3447 motum,
1184 3374 1202 3401 ‘⁴
1216 3366 1370 3443 Revem,''
1392 3367 1511 3452 inquit,
1535 3370 1650 3453 “quod

597 3482 613 3508 “
636 3472 780 3557 aliquem
803 3472 959 3536 senserim
989 3493 1057 3535 non
1087 3492 1179 3557 nego,
1213 3471 1270 3534 sed
1304 3469 1592 3557 simplicissimum,
1617 3477 1652 3535 ot

597 3584 613 3609 “
637 3596 734 3659 quem
757 3596 826 3637 non
849 3574 959 3637 minus
985 3578 1193 3638 contemnere
1208 3595 1308 3658 quam
1332 3574 1543 3658 comprimere
1566 3579 1652 3638 esset

597 3686 613 3711 “
637 3675 856 3740 facillimum.''
903 3675 986 3740 Haec
1009 3675 1129 3740 idcirco
1152 3676 1303 3752 dixerim,
1319 3676 1396 3760 quia
1416 3675 1513 3739 aliter
1535 3675 1576 3739 de
1599 3677 1652 3740 his

596 3779 699 3843 alium
722 3778 896 3862 quemdam
921 3776 1105 3864 scripsisse⁸
1136 3778 1253 3864 accepi,
1278 3784 1473 3842 asserentem
1498 3777 1653 3843 videlicet

598 3883 685 3969 quod
709 3904 767 3968 per
789 3881 920 3946 beatam
936 3880 1112 3969 Virginem
1128 3881 1296 3945 dominam
1311 3887 1466 3957 nostram,
1484 3881 1546 3944 Dei
1561 3882 1653 3966 geni-

597 3986 721 4063 tricem,
745 3985 809 4050 sibi
831 3990 1044 4072 apparentem
1061 3985 1227 4058 visitatua
1243 3984 1482 4049 eunuchizatus
1505 3988 1538 4047 et
1561 4004 1654 4048 cura-

773 4181 806 4187 .-.
817 4179 1039 4187 ...—-—-...-
1053 4178 1151 4184 ...w—
1164 4176 1171 4182 a
1189 4176 1286 4181 ------n-
1299 4176 1305 4180 -
1325 4177 1369 4181 -1-
1385 4177 1398 4180 --
1432 4175 1495 4180 —---—-
1509 4175 1642 4181 —-———·--

630 4293 637 4322 ¹
650 4300 673 4341 et
681 4292 785 4340 nutritor
793 4290 871 4355 mear]
884 4290 918 4340 So
927 4290 958 4338 B.
967 4288 1097 4345 andPez.;
1143 4287 1208 4336 hare
1220 4288 1283 4336 been
1298 4288 1373 4336 about
1384 4295 1434 4336 two
1448 4301 1521 4351 years
1534 4286 1597 4336 alter
1612 4287 1653 4335 his

598 4371 721 4423 enutritor
730 4371 798 4435 only,
811 4370 840 4420 C.
1144 4367 1220 4416 death
1244 4365 1317 4415 when
1343 4366 1394 4414 this
1417 4368 1502 4416 dream
1523 4369 1650 4416 occurred.

629 4452 639 4480 ²
652 4448 745 4514 AEyer]
766 4448 800 4498 So
816 4448 846 4496 B.
859 4448 909 4497 and
920 4447 980 4496 Pez.
993 4468 1000 4506 3
1018 4446 1100 4509 AEger
1146 4445 1193 4495 See
1206 4446 1283 4510 insro,
1294 4461 1318 4509 p.
1332 4451 1371 4506 64,
1383 4450 1442 4494 note
1454 4447 1504 4508 (2).

595 4527 724 4588 antemi).
1179 4526 1353 4590 5οηιηίηιοᾰίε]
1374 4525 1409 4575 So
1427 4525 1476 4583 B.;
1500 4525 1650 4585 omnimode,

630 4607 803 4672 ’loewlusque]
835 4607 869 4655 So
892 4606 942 4663 B.;
969 4606 1098 4668 letusque,
1144 4605 1172 4657 C.
1188 4606 1310 4654 audPez.

597 4690 625 4741 C.
636 4691 685 4739 and
697 4689 756 4737 Pez.
1175 4686 1184 4712 ‘³
1196 4684 1280 4749 corde]
1301 4684 1336 4732 So
1347 4685 1378 4734 Β,
1390 4686 1440 4733 and
1456 4684 1517 4733 Pca.
1530 4705 1537 4741 ς
1556 4685 1648 4739 anima.

629 4772 706 4818 *ωηο
724 4765 829 4831 aliquot]
850 4765 885 4814 So
902 4763 930 4814 C.
952 4765 1001 4813 and
1019 4763 1096 4821 Pez.;
1143 4764 1172 4815 C,

595 4858 654 4901 ante
666 4864 710 4914 per
721 4848 824 4912 aliquot,
835 4845 866 4894 B.
1176 4842 1320 4907 'loquentia
1340 4839 1448 4908 pluries]
1481 4843 1518 4892 So
1545 4843 1577 4894 B.
1599 4846 1649 4893 and

629 4930 747 4988 Basilius,
757 4927 815 4976 who
827 4928 929 4976 became
940 4922 1009 4987 prior
1019 4923 1050 4971 of
1056 4923 1099 4973 the
1146 4924 1207 4973 Per.
1222 4944 1228 4981 ς
1252 4938 1318 4987 saepe
1330 4923 1461 4987 loquentis,
1474 4924 1502 4973 C.

595 5011 674 5060 Great
698 5009 848 5059 Chartreuse
871 5005 898 5053 ln
927 5005 995 5053 Ar).
1027 5008 1098 5063 1151,
1177 5005 1322 5067 ⁸quemdam
1330 5004 1471 5068 scripsisse]
1483 5002 1547 5051 This
1556 5005 1648 5067 writer,

597 5089 656 5138 died
678 5088 704 5136 in
728 5091 798 5139 1173.
833 5087 858 5136 1t
880 5084 963 5134 would
984 5099 1051 5133 seem
1073 5088 1099 5133 to
1145 5084 1248 5133 andhis
1261 5084 1339 5143 work,
1352 5083 1619 5135 arealikeunknown.
