4125 6334
809 1168 910 1216 niens
932 1170 963 1229 ν,
987 1170 1059 1219 car.
1083 1171 1113 1218 v.
1421 1158 1484 1220 249

427 1342 625 1405 universitas
657 1348 851 1429 magnatum
878 1342 984 1407 totius
1010 1344 1144 1428 Angliae
1180 1344 1271 1429 apud
1305 1344 1485 1408 Oxeuefor-

427 1443 523 1506 diam.
571 1443 699 1522 Quibus
729 1445 998 1530 archiepiscopus,
1029 1446 1087 1530 qui
1118 1445 1190 1509 vice
1220 1446 1307 1531 regis
1346 1446 1484 1531 publicis

426 1545 624 1630 praesidebat
646 1547 797 1632 negotiis,
833 1548 940 1633 regias
974 1547 1147 1633 proposuit
1169 1548 1403 1627 necessitates,
1426 1549 1483 1632 qui
1496 1557 1647 1635 'l'lrekirrs'r

427 1648 614 1733 sumptibus
636 1654 671 1713 et
695 1648 915 1713 militantium
937 1649 1040 1734 copiis
1063 1648 1207 1725 inferior,
1234 1654 1350 1713 contra
1373 1672 1482 1735 regem
1496 1633 1645 1673 necessus.

426 1749 598 1814 dimicaret
621 1751 897 1836 potentissimum,
923 1751 966 1814 ad
993 1773 1088 1814 suam
1114 1750 1414 1816 exhaeredationem
1450 1757 1484 1816 et

425 1852 602 1935 perniciem
632 1852 713 1916 totis
736 1852 865 1916 nisibus
894 1851 1107 1940 aspirantem.
1157 1852 1310 1918 Postulat
1350 1853 1483 1920 demum

426 1953 584 2036 quatinus
614 1954 792 2019 decernant
829 1954 865 2017 in
903 1975 1085 2031 commune,
1116 1976 1182 2039 quo
1211 1976 1330 2039 genere
1365 1956 1484 2020 auxilii

424 2055 560 2118 domino
582 2077 641 2119 suo
672 2057 707 2119 in
741 2056 840 2120 arctis
874 2057 982 2140 posito
1005 2056 1141 2121 valeant
1175 2057 1360 2122 subvenire.
1405 2057 1428 2122 J
1430 2080 1483 2122 am

426 2178 505 2220 vero
537 2157 741 2242 praefinitum
764 2161 835 2222 erat
857 2157 900 2221 ab
923 2157 983 2234 his,
1007 2158 1065 2242 qui
1092 2180 1201 2223 secum
1224 2159 1323 2245 regiis
1347 2181 1389 2223 ex
1412 2166 1484 2224 toto
1565 2171 1569 2178 '

428 2260 566 2323 nutibus
588 2259 753 2323 ducebant
785 2259 976 2344 parendum,
1002 2269 1041 2324 ut
1065 2260 1204 2325 barones
1226 2260 1368 2347 Angliae,
1395 2262 1484 2326 iuter
1497 2264 1552 2314 The
1564 2266 1647 2329 kinsi*

427 2384 509 2446 quos
541 2366 575 2426 et
609 2360 752 2447 episcopi
785 2362 1012 2440 cernebantur,
1040 2368 1223 2427 trescentos
1255 2363 1378 2430 milites
1412 2365 1482 2449 regi
1496 2332 1652 2460 ῗιζξὶζὲἒοζξ,

427 2463 641 2550 exhiberentp
664 2463 721 2549 qui
737 2464 805 2528 suis
827 2464 1016 2549 sumptibus
1040 2465 1070 2529 ei
1094 2487 1153 2551 per
1174 2487 1300 2529 annum
1314 2466 1482 2551 integrum
1495 2465 1586 2578 'stirpis
1598 2464 1625 2542 {¹1

427 2571 543 2631 contra
566 2566 675 2636 hostes
689 2565 925 2630 transmarinos
950 2565 1177 2630 indesinenter
1203 2567 1393 2633 militarent.
1498 2545 1642 2646 ppmoreign

476 2667 648 2753 Requisito
670 2689 769 2752 super
801 2668 862 2731 hoc
894 2667 929 2730 in
961 2672 1051 2731 coetu
1080 2668 1137 2732 illo
1160 2690 1294 2733 assensu
1317 2669 1582 2748 Lincolni·‚Arch-

427 2773 515 2837 ensis
537 2772 687 2858 episcopi,
713 2770 782 2856 ipse
805 2770 927 2835 tacitus
953 2792 1063 2834 secum
1099 2769 1283 2834 deliberans
1308 2771 1481 2857 pemisper,
1496 2754 1655 2869 ffi‘glr'md

428 2897 502 2939 cum
538 2874 629 2958 prius
670 2878 740 2942 tarn
773 2872 895 2958 primas
929 2870 1189 2949 Cantuariensis,
1223 2895 1322 2959 quam
1362 2873 1640 2950 Londi-thebishop

428 2976 551 3039 niensis
574 2975 742 3061 episcopus
768 2973 936 3052 Ricardus,
964 2975 1020 3059 qui
1045 2979 1080 3038 et
1103 2974 1280 3040 decanatus
1312 2975 1484 3061 privilegio
1497 2953 1620 3083 ‘Ques'
1621 2970 1637 3001 ¹¹

427 3077 629 3162 fungebatur
662 3077 751 3140 inter
784 3076 961 3161 episcopos,
984 3097 1018 3140 se
1049 3098 1124 3140 suos
1154 3082 1189 3141 et
1219 3099 1278 3142 sua
1305 3079 1404 3164 regiae
1428 3088 1627 3163 peraccedere

428 3181 540 3244 omnia
561 3179 748 3244 necessitati
771 3179 979 3263 exposituros
1005 3180 1283 3264 pronuntiassent,
1309 3181 1358 3244 ita
1387 3182 1485 3245 citius
1497 3152 1640 3268 ξῖζζξᾶμ

428 3282 616 3369 respondit:
641 3290 657 3314 “
675 3279 820 3358 Nostis,'’
836 3280 893 3376 ait,
912 3280 975 3343 “O
1000 3280 1066 3344 viri
1090 3280 1270 3365 prudentes
1292 3287 1326 3345 et
1351 3282 1484 3358 nobiles,
1498 3301 1654 3365 Hughgives

428 3395 444 3420 “
468 3386 526 3469 qui
541 3384 599 3455 (in
633 3383 895 3469 praesentiarum.
915 3381 1048 3458 adestis,
1080 3402 1132 3446 me
1164 3383 1199 3445 in
1230 3383 1382 3467 partibus
1413 3384 1486 3447 istis
1497 3368 1655 3499 gssssffefffl}

428 3498 444 3521 “
468 3488 631 3551 advenam
655 3508 732 3560 esse,
760 3491 795 3549 et
819 3485 860 3549 de
888 3484 1105 3569 simplicitate
1129 3485 1391 3548 conversationis
1415 3499 1639 3549 ere-hisasent.

428 3600 444 3625 “
469 3590 591 3655 miticae
607 3588 650 3652 ad
665 3587 807 3652 officium
831 3585 1012 3673 episcopale
1027 3592 1243 3671 assurnptum.
1283 3588 1367 3652 Ourn
1383 3588 1489 3676 igitur
1556 3585 1595 3627 ⁸⁰·

429 3701 445 3725 “
470 3690 604 3756 ecclesia
635 3689 778 3753 dominre
809 3711 900 3764 meze,
927 3692 1051 3753 sanctae
1082 3687 1146 3752 Dei
1169 3688 1339 3774 genitricis
1365 3690 1488 3766 lilariae,

431 3804 447 3828 “
472 3815 553 3857 meae
584 3792 710 3855 dudum
744 3790 919 3875 imperitia}
961 3789 1002 3853 ad
1036 3790 1217 3875 regendum
1248 3791 1365 3856 suisset
1401 3815 1487 3856 com-

429 3907 445 3928 “
470 3895 579 3969 missa,
595 3893 850 3958 consuetudines
872 3892 963 3956 illius
978 3898 1013 3956 ct
1040 3891 1232 3976 dignitates
1249 3893 1363 3958 debita
1386 3895 1488 3958 etium

429 4008 445 4033 “
471 4002 505 4062 et
538 4019 645 4073 onera,
681 3996 822 4060 solerter
852 3993 1013 4059 addidici:
1051 3994 1230 4078 inquibus
1254 3997 1487 4059 conservandis

429 4111 446 4134 “
471 4100 540 4164 sive
564 4097 769 4173 exhibendis,
798 4098 958 4161 hactenus
980 4096 1048 4160 fere
1074 4117 1134 4180 per
1156 4095 1312 4159 tredecim
1339 4118 1489 4161 annosa

404 4200 446 4237 '⁴‘
470 4202 568 4266 rectis
598 4200 873 4287 praedecessorum
902 4219 1052 4263 meorum
1083 4197 1234 4282 vestigiis
1265 4220 1330 4262 non
1361 4200 1485 4265 recessi.

429 4314 445 4338 “
470 4305 544 4369 Scio
573 4302 728 4388 equidem
763 4302 807 4365 ad
829 4300 974 4365 militare
1009 4298 1206 4363 servitium¹
1241 4299 1376 4366 domino
1404 4304 1483 4389 regi,
1497 4305 1656 4385 Thechurch

429 4406 527 4470 “sed
561 4406 596 4468 in
624 4403 684 4468 hac
714 4408 803 4468 terra
824 4402 1028 4467 solummodo
1059 4400 1291 4480 exhibendum,
1322 4374 1641 4490 Lincolni-ssssssssssffffln

429 4519 581 4573 “ensem
612 4506 780 4571 ecclesiam
807 4505 937 4586 teneri;
981 4510 1078 4569 extra
1112 4509 1216 4569 metas
1246 4526 1325 4571 vero
1355 4507 1485 4593 Angliae
1498 4507 1530 4554 <10
1542 4507 1656 4584 niriury

430 4621 447 4645 “
472 4610 519 4674 nil
543 4608 610 4673 tale
638 4607 703 4672 aba
730 4631 768 4672 ea
800 4608 920 4672 deberi.
968 4606 1069 4671 Unde
1104 4607 1186 4671 mihi
1220 4610 1403 4673 consultius
1436 4632 1486 4673 ar·
1497 4575 1657 4705 ffisssslffi

431 4713 574 4777 “bitror
603 4712 647 4776 ad
684 4710 796 4775 natale
832 4709 939 4775 solum
963 4710 1126 4796 repedare,
1157 4715 1192 4775 et
1227 4732 1371 4776 eremum
1396 4731 1486 4775 more
1499 4706 1568 4770 only.

568 4905 636 4911 V-—
661 4902 1204 4911 .—-——-—-—-—--..—-——-·-
1221 4902 1249 4908 .-
1259 4900 1486 4909 —-—..———.

466 5029 472 5057 ¹
485 5027 623 5093 matium]
644 5026 679 5076 So
699 5027 759 5076 Pes.
771 5028 823 5076 and
843 5024 885 5076 W.
907 5025 939 5074 de
1018 5023 1085 5089 ²an
1106 5023 1316 5076 SoPez.sndW.
1329 5023 1360 5072 de
1372 5021 1487 5083 Worde;

434 5106 531 5157 Werde
543 5127 550 5167 ;
568 5106 686 5171 officium,
698 5105 755 5156 MS.
985 5104 1026 5165 sd,
1037 5103 1094 5155 MS.
