4125 6334
606 1138 667 1200 lto
827 1151 906 1199 vrri
931 1153 955 1201 s
981 1152 1139 1201 ruamus
1162 1150 1435 1203 circumimus.

601 1321 733 1407 sophari
748 1322 873 1409 largius
900 1322 975 1386 aliis
998 1322 1231 1409 relinquamus,
1278 1323 1384 1389 Nobis
1408 1323 1509 1400 euim,
1525 1325 1662 1392 tramite

601 1431 717 1511 coepto,
734 1425 813 1490 dnm
839 1424 947 1490 adhuc
960 1425 1097 1511 grandis
1124 1430 1228 1491 restat
1254 1424 1320 1502 via,
1334 1425 1378 1491 ad
1400 1425 1468 1490 alia
1481 1447 1660 1514 properau-

600 1526 679 1590 dum
716 1532 767 1592 est
796 1526 978 1592 retexenda
1009 1528 1045 1592 in
1084 1549 1181 1594 servo
1220 1550 1280 1594 suo
1318 1513 1499 1615 magnilica
1532 1549 1660 1618 semper

599 1629 766 1714 operantis
790 1628 914 1695 Christi
936 1629 1110 1716 magnalia.

991 1902 1198 1968 Orrrruauu
1222 1901 1267 1967 11.

599 2044 650 2109 Dc
672 2042 816 2109 alterins
850 2041 1064 2109 conversione
1093 2040 1234 2127 jacetis
1245 2066 1259 2120 ;
1294 2042 1356 2129 qai
1387 2043 1514 2109 orientis
1547 2041 1656 2111 simul

690 2152 720 2210 cl
742 2145 895 2232 corporis
912 2166 978 2231 per
1000 2145 1197 2230 episcopam
1218 2150 1377 2211 austrina
1397 2150 1597 2213 eorwecatoa
1612 2152 1656 2213 est

689 2247 862 2313 predelam.

476 2397 542 2446 ⁴21³·
645 2395 695 2460 De
718 2396 931 2460 conversione
963 2395 1102 2459 alterius
1129 2394 1264 2479 juvenis
1295 2393 1413 2460 relatio
1444 2395 1657 2472 subinfertur,

430 2486 573 2604 glffilt'l'l‘r
598 2520 672 2585 quar
708 2497 805 2585 longe
836 2497 970 2585 quidem
1004 2497 1170 2583 posterius
1192 2496 1324 2575 accidit,
1356 2497 1415 2562 sed
1449 2519 1509 2584 pro
1541 2497 1657 2564 simili-

431 2571 518 2684 ani,
544 2572 558 2605 e
597 2600 715 2665 tudine
737 2600 886 2666 historiae
909 2600 1135 2687 praecedentis
1154 2600 1184 2664 ci
1208 2621 1353 2687 congrue
1377 2600 1529 2666 subnecti
1552 2623 1656 2667 merc·

431 2687 550 2738 ΜΝ
597 2710 659 2768 tur.
708 2704 815 2784 Quam
838 2704 889 2767 ita
912 2701 1098 2766 Salvatoris
1128 2702 1304 2766 clementia
1335 2704 1482 2769 noscitur
1511 2709 1654 2792 operata,

430 2758 578 2872 mapsa
597 2813 637 2870 ut
678 2828 760 2885 eam,
794 2805 961 2869 mediante
999 2804 1178 2890 genetricis
1215 2826 1284 2870 snae
1322 2804 1448 2892 pietate
1486 2804 1656 2883 melliflua,

430 2887 562 3019 ξιοίὲξζζᾱ
598 2908 753 2993 Hugonis
787 2928 917 2992 qnoque
955 2906 1075 2970 merita-
1113 2906 1292 2971 videantur
1330 2907 1500 2995 peregisse
1553 2907 1656 2994 Cujus

430 3022 578 3087 arragoney
597 3014 754 3074 eventum
778 3007 1006 3094 compendiose
1030 3008 1291 3094 perstringimus,
1307 3031 1348 3074 ne
1370 3009 1563 3097 prolixitate
1584 3032 1656 3098 ges·

429 3089 460 3137 οἰ
469 3088 553 3154 liugn.
597 3115 709 3176 torum
742 3111 874 3175 lectoris
905 3109 1052 3174 studium
1083 3132 1337 3197 praegravemns.
1384 3111 1508 3176 Evenit
1542 3120 1653 3177 autem

431 3257 499 3308 nn).
514 3262 584 3307 119&
599 3212 774 3300 postremis
796 3212 891 3300 regni
917 3212 1023 3277 incliti
1049 3213 1136 3295 regis
1164 3213 1298 3277 Ricardi
1322 3213 1534 3301 temporibus.

431 3336 513 3399 nfra.
526 3336 568 3387 lio.
643 3316 693 3381 Ea
727 3338 805 3381 saue
847 3320 1045 3401 tempestate
1079 3315 1166 3379 idem
1197 3315 1347 3401 princeps
1369 3315 1405 3379 in
1427 3337 1562 3402 gravem
1598 3317 1656 3381 ad·

431 3419 453 3453 γ·
467 3420 519 3467 ⁰³¹³·
533 3409 556 3453 ⁵·
598 3442 711 3485 vorsus
734 3419 921 3506 episcopum
945 3418 1027 3480 imm
1053 3423 1243 3496 exarserat3
1267 3417 1349 3482 adeo
1371 3424 1418 3495 ut,
1445 3417 1655 3484 machinante

597 3529 632 3587 et
655 3544 712 3607 per
736 3520 912 3584 familiaria
934 3519 998 3582 sibi
1021 3518 1219 3605 perditionis
1249 3540 1329 3583 vasa
1352 3519 1527 3586 insistente
1552 3522 1655 3586 totius

598 3621 758 3689 bonitatis
791 3621 934 3698 inimico,
963 3620 1160 3705 justiciariis
1194 3623 1261 3686 suis
1285 3622 1324 3686 dc
1359 3622 1483 3709 Anglia
1505 3623 1654 3689 districts

598 3724 816 3813 precipiendo
840 3722 1058 3798 mandaverit,
1075 3724 1242 3809 quatinus,
1269 3724 1437 3790 occasione
1460 3727 1652 3813 postposita,

599 3832 630 3893 in
655 3851 731 3893 suas
766 3827 962 3913 recepissent
986 3848 1103 3890 manus
1135 3825 1277 3911 episcopi
1310 3826 1653 3915 Lincolniensiumqnc

596 3931 824 3997 canonicormn
852 3930 946 4005 bona,
970 3929 1123 4014 ipsosque
1147 3928 1404 4013 possessionibus
1433 3930 1559 3996 cunctis
1582 3953 1653 4017 spo·

596 4037 738 4101 liasscnt.
786 4033 898 4119 Hujus
944 4053 1022 4097 vero
1056 4030 1239 4094 simultatis
1270 4030 1361 4117 origo
1405 4039 1439 4096 ct
1480 4033 1557 4096 linis
1594 4057 1652 4100 suo

596 4139 726 4224 plenius
749 4137 819 4201 loco
843 4134 1088 4221 assignabitur:
1114 4131 1207 4216 cnjus
1231 4132 1351 4197 adhoc
1374 4134 1501 4199 mentio
1518 4134 1572 4200 hic
1588 4136 1655 4221 agi-

597 4247 660 4318 tur,
675 4239 833 4324 quatinus
856 4258 914 4321 por
929 4258 967 4301 ea
983 4258 1057 4321 quar
1083 4241 1268 4318 sequuntur
1292 4235 1375 4299 illud
1397 4235 1489 4300 beati
1513 4237 1653 4322 apostoli

596 4338 823 4409 testimoninm
847 4360 923 4424 erga
956 4339 1081 4402 bonum
1109 4337 1220 4400 virum
1253 4336 1424 4401 evidenter
1450 4345 1653 4404 monstretur

596 4446 777 4533 impletum,
801 4462 866 4526 qno
890 4441 929 4505 de
954 4440 1066 4504 electis
1089 4438 1151 4502 Dei
1175 4440 1262 4504 idom
1287 4462 1345 4502 vas
1368 4438 1537 4504 electionis
1563 4441 1650 4526 qnod

595 4548 733 4613 interius
764 4542 907 4608 fideliter
932 4547 1024 4607 tenet
1048 4542 1194 4606 exterius
1216 4542 1357 4605 fidenter
1379 4543 1553 4606 asserendo
1578 4566 1651 4629 pro·

427 4651 498 4702 riom.
511 4653 556 4703 viii
595 4652 680 4716 fert:
707 4657 723 4684 ‘⁴
741 4643 897 4720 Scimus,''
914 4644 1078 4729 inquiens,
1097 4653 1113 4677 “
1130 4643 1286 4727 qnoniam
1303 4640 1520 4727 diligentibus
1542 4643 1650 4710 Deum

427 4728 467 4771 ‘²⁸'
595 4764 610 4787 ‘⁴
635 4751 746 4816 onmia
762 4755 977 4835 cooperantur
992 4747 1028 4809 in
1045 4744 1196 4810 bonnm.’'
1240 4744 1457 4809 Excitavcrat
1473 4768 1550 4811 sanc
1566 4746 1651 4812 livor

595 4853 756 4941 serpentis
779 4850 907 4936 antiqui
934 4854 1049 4913 eontra
1072 4847 1262 4932 diligentem
1294 4846 1412 4924 Deum,
1441 4846 1578 4934 Deoque
1601 4850 1649 4914 di·

596 4960 716 5025 lectum
761 4953 902 5018 militem
940 4972 1037 5015 sunm
1071 4950 1246 5036 egregium,
1280 4948 1427 5016 factiosae
1472 4950 1650 5018 admodum

597 5055 830 5146 persecutionis
851 5053 1073 5130 acerbitatem,
1096 5053 1153 5118 scel
1178 5051 1219 5117 ad
1244 5051 1470 5139 insipientiam
1499 5054 1583 5121 sibi:
1608 5077 1648 5121 ex
