4125 6334
525 1139 590 1202 206
753 1151 835 1201 vrrs
856 1153 881 1200 a
905 1149 1061 1202 nueoms
1083 1149 1349 1202 meorumnam.

526 1349 653 1393 crucem
677 1328 812 1393 Domini
835 1326 983 1414 quotidie
1010 1330 1137 1406 tollens,
1162 1335 1197 1394 et
1220 1329 1329 1416 ipsum
1352 1325 1580 1391 indesinenter

526 1452 672 1516 sequens,
704 1453 802 1496 verus
824 1432 940 1496 mundi
967 1433 1160 1519 peregrinus
1184 1453 1253 1496 non
1278 1435 1356 1496 ante
1380 1428 1513 1494 destitit
1537 1427 1580 1492 dc

362 1547 515 1599 Palmiii.
526 1534 654 1599 virtute
678 1534 713 1597 in
727 1536 889 1600 virtutem
912 1535 968 1612 ire,
984 1557 1084 1621 quam
1111 1539 1293 1600 mereretur
1318 1533 1353 1597 in
1369 1532 1450 1598 Sion
1466 1530 1580 1598 Deum

363 1620 385 1664 ⁸·
526 1637 661 1701 deorum
684 1637 803 1702 videre.
1310 1709 1316 1721 ,

362 1750 468 1801 lliseon
570 1740 625 1804 Ad
648 1762 745 1826 quem
767 1740 951 1821 visendum,
977 1748 1052 1827 post
1077 1741 1220 1807 multum
1243 1740 1401 1827 temporis
1424 1737 1579 1825 spatium,

360 1826 488 1934 223¹,ssss
526 1841 615 1908 filius
630 1843 699 1927 ejus
715 1844 853 1931 egregiae
869 1844 988 1909 indolis
1003 1843 1191 1910 adolescens
1205 1842 1367 1931 profectus
1383 1848 1457 1922 est3
1480 1861 1580 1927 quem

419 1969 459 2012 oa.
526 1945 582 2010 ille
606 1947 791 2033 parvulum,
814 1947 942 2033 sibique
964 1946 1174 2012 haereditario
1191 1946 1266 2032 jure
1293 1965 1528 2024 successurum,
1544 1944 1581 2007 in

525 2049 634 2134 patria
663 2070 723 2114 sua
752 2050 831 2114 olim
869 2049 1046 2115 dimiserat.
1107 2049 1174 2130 Qui
1207 2049 1344 2114 veniens
1380 2046 1579 2123 Oartusiam,

525 2157 717 2237 patremque
733 2153 845 2217 videro
870 2153 1054 2239 deposcens,
1071 2151 1190 2216 didicit
1213 2173 1289 2217 eum
1315 2157 1394 2216 tunc
1418 2151 1455 2214 in
1482 2171 1580 2235 supe-

526 2254 627 2319 riores
663 2259 792 2319 montes
823 2255 865 2318 ad
895 2256 1081 2320 tondendas
1112 2276 1189 2319 oves
1219 2253 1407 2341 perrexisse.
1470 2252 1580 2332 Quem

361 2379 502 2430 ffindshim
525 2355 651 2420 diutius
666 2362 878 2443 expectatum
893 2357 1029 2422 tandem
1054 2358 1215 2444 conspicit
1237 2358 1275 2421 in
1296 2356 1414 2421 habitu
1437 2377 1581 2442 pauper-

359 2446 507 2578 bodilllneip
525 2458 609 2523 rimo
642 2459 794 2524 deorsum
819 2460 1017 2538 venientem,
1049 2466 1085 2525 ct
1107 2461 1232 2525 vellera
1254 2481 1364 2525 reeens
1390 2464 1488 2523 tonsa
1510 2479 1583 2523 cer·

359 2580 485 2645 shanng,
524 2560 596 2625 vice
630 2568 749 2627 onusta
780 2562 990 2628 deferentem.
1054 2563 1160 2644 Quem
1190 2563 1245 2627 ille
1277 2561 1410 2647 quidem
1440 2560 1582 2625 minimo

358 2649 493 2765 ffilfflgn
524 2665 742 2751 agnoscebat:
767 2667 825 2731 sed
846 2670 977 2753 accepto
1002 2689 1023 2730 a
1048 2665 1207 2731 fratribus
1223 2666 1280 2751 qui
1302 2664 1467 2744 astabant,
1488 2663 1582 2728 hunc

358 2781 453 2833 naeu.
524 2794 620 2838 suum
643 2794 712 2838 esse
735 2773 928 2859 genitorem,
944 2773 1042 2838 valde
1058 2773 1170 2837 animo
1197 2777 1412 2859 compunctus
1435 2771 1582 2837 occurrit

525 2876 564 2952 ei,
598 2881 780 2962 tenensque
807 2876 950 2962 vestigia
972 2875 1044 2959 ejus
1067 2880 1102 2940 et
1125 2876 1327 2953 exosculans,
1355 2897 1423 2962 prae
1453 2874 1581 2961 gaudio

524 2979 625 3064 ooepit
645 2979 829 3064 lacrymari.
877 2977 942 3057 Qui
966 2979 1007 3042 ad
1031 2978 1136 3064 patris
1159 2978 1329 3065 amplexus
1343 2984 1379 3042 et
1401 2977 1512 3043 oscula
1535 2976 1581 3042 ab

359 3094 420 3145 And
525 3080 595 3166 ipso
625 3086 760 3160 erectus,
792 3081 943 3145 intuetur
977 3064 1088 3146 sinum
1118 3082 1220 3168 ipsius
1251 3076 1285 3147 et
1317 3080 1437 3146 collum
1467 3079 1582 3145 berbi-

358 3164 513 3295 {affici}
525 3183 655 3247 tionum
687 3183 839 3249 examine
870 3189 1003 3249 scatere.
1067 3184 1141 3264 Quo
1167 3183 1302 3270 juvenis
1332 3184 1403 3249 viso
1435 3182 1579 3248 nimium

357 3296 430 3346 ricus.
525 3285 719 3368 exhorruit3
746 3309 784 3352 ac
805 3309 933 3352 vermes
956 3286 1167 3353 edacissimos
1189 3287 1303 3352 tollere
1327 3288 1468 3374 cupiens,
1496 3286 1582 3351 talia

525 3410 545 3452 a
578 3389 683 3454 milite
716 3389 842 3454 Christi
875 3390 1054 3455 fortissimo
1087 3389 1238 3454 audivit:
1279 3397 1296 3423 “
1312 3386 1421 3468 Sine,''
1454 3388 1579 3475 inquit,

527 3491 615 3554 “fili
645 3491 820 3567 carissime,
852 3493 934 3555 istos
958 3492 1155 3557 vermiculos
1178 3492 1282 3558 vermi
1306 3492 1363 3577 qui
1389 3514 1457 3556 non
1479 3494 1582 3558 mori·

526 3597 624 3657 “tur
658 3615 751 3656 suam
784 3594 957 3678 praeripere
989 3596 1144 3681 praedam.
1206 3594 1349 3660 Votivus
1380 3594 1581 3659 omnimodis

527 3701 544 3730 “
568 3699 602 3757 ct
626 3694 827 3757 delectabilis
861 3695 944 3758 mihi
979 3701 1029 3761 est
1065 3720 1193 3763 morsus
1228 3698 1376 3775 istorum,
1407 3720 1465 3783 per
1496 3719 1581 3785 quos

527 3795 795 3881 “inexplebilem
827 3797 1059 3882 gehennalium
1092 3802 1288 3866 edacitatem
1321 3801 1483 3866 vermium
1516 3822 1582 3877 me,

526 3910 540 3932 ‘¹
565 3899 707 3964 Domino
730 3899 916 3981 miserante,
942 3925 1035 3990 spero
1060 3902 1264 3968 evasurum.”

570 4002 679 4067 Multa
706 4004 746 4067 de
769 4003 869 4089 hujus
884 4005 949 4069 viri
974 4006 1158 4071 virtutibus
1183 4029 1221 4071 ac
1245 4007 1348 4092 gestie
1372 4006 1437 4070 alia
1460 4006 1581 4072 refere-

526 4106 593 4184 bat,
628 4130 701 4193 quae
733 4109 843 4194 gratia
880 4109 1065 4194 compendii
1097 4109 1158 4172 sub
1189 4109 1322 4173 silentio
1353 4109 1582 4195 compellimur

526 4211 698 4295 praeterire.
745 4210 844 4274 Nunc
869 4233 955 4287 vero,
980 4212 1059 4297 quia
1084 4211 1292 4297 promisimus
1319 4211 1434 4277 saltem
1458 4211 1499 4277 de
1526 4212 1581 4278 bis

361 4322 463 4388 History
526 4312 613 4375 binis
628 4312 709 4376 viris
732 4313 916 4378 illustribus
932 4314 1064 4400 patroni
1079 4315 1185 4379 nostri
1200 4319 1346 4380 retexero
1362 4316 1578 4395 narrationes,

360 4391 441 4440 ’ΜΘ
527 4414 695 4498 cujusdam
719 4415 783 4479 viri
806 4416 1008 4482 admirabilis
1031 4440 1052 4481 a
1075 4416 1256 4482 Moriennae
1288 4418 1411 4482 finibus
1445 4419 1579 4483 oriundi

359 4460 476 4507 crusadrr

359 4524 451 4589 knight
464 4526 494 4574 of
527 4517 636 4581 brevis
667 4524 717 4582 cst
747 4518 886 4583 historia
918 4520 1189 4607 perst1·ingonda;
1223 4521 1316 4607 cujus
1340 4541 1401 4586 neo
1435 4542 1576 4607 granum

359 4592 514 4643 M¹¹¹¹¹³⁰¹¹¹¹⁶'
527 4619 650 4706 sinapis
676 4620 763 4698 fidei,
785 4643 845 4686 nec
879 4623 1050 4687 devotioni
1081 4646 1180 4710 rogus
1214 4624 1458 4688 flammivomus
1489 4646 1579 4688 com-

526 4724 635 4812 parari
657 4724 755 4789 valet.
801 4723 876 4802 Hic,
903 4725 1000 4790 domo
1029 4726 1141 4790 liberis
1165 4731 1199 4792 et
1224 4749 1327 4791 uxore
1356 4726 1488 4804 relictis,
1511 4731 1581 4792 ter-

525 4850 596 4892 ram
619 4829 654 4892 in
677 4828 769 4914 cujus
792 4828 899 4892 medio
920 4826 1010 4893 Deus
1034 4829 1212 4895 humanam
1238 4834 1288 4895 est
1312 4834 1464 4916 operatus
1489 4829 1580 4895 salu-

525 4938 601 5006 tem,
624 4937 738 4998 contra
760 4932 869 4996 hostes
892 4931 1068 4998 salutifere
1089 4934 1192 4999 crucis
1213 4934 1418 4997 militaturus
1439 4933 1578 5000 adierat.

526 5034 596 5097 Ubi
611 5041 720 5120 strage
742 5035 915 5100 innumera
929 5036 970 5102 de
992 5037 1125 5124 perfidis
1148 5059 1233 5124 saepe
1248 5036 1410 5124 Agerenis
1433 5036 1578 5118 fortiter,
