4125 6334
595 1143 659 1213 372
824 1160 906 1209 vrrs
929 1161 953 1210 s.
978 1161 1133 1210 suoours
1156 1160 1420 1210 rusconu1sus1s.

429 1336 576 1415 “⁸59⁰ssOE
593 1340 633 1399 ut
655 1334 874 1400 scriberemus
920 1335 1111 1400 Meminerit
1133 1334 1273 1400 subinde
1294 1333 1410 1399 famuli
1439 1333 1492 1397 sui
1520 1331 1651 1406 honori,

429 1409 538 1467 wrong.
594 1444 725 1525 patrum
740 1438 976 1503 venerabilium
994 1437 1138 1523 jussioni
1162 1437 1345 1506 deferendo.
1361 1442 1396 1501 et
1416 1435 1561 1501 fratrum
1577 1435 1650 1522 plu·

594 1542 750 1606 rimorum
766 1540 830 1626 piis
844 1540 1061 1627 petitionibus
1082 1539 1269 1618 annuendo,
1283 1539 1387 1604 arduo
1403 1560 1464 1603 nos
1478 1536 1649 1604 scribendi

548 1703 551 1708 .
595 1642 736 1731 periculo
759 1643 963 1708 commisisse.

430 1757 584 1852 pfflqvah
640 1746 710 1810 Nee
732 1746 819 1810 tanti
841 1746 936 1809 nobis
960 1750 1090 1811 constat
1113 1744 1166 1809 hic
1179 1745 1251 1830 jam
1267 1743 1496 1823 consummati,
1513 1748 1648 1808 auctore

430 1858 584 1952 ffighpld
596 1848 674 1924 Deo,
696 1848 817 1912 laboris
845 1848 950 1913 nostri
980 1852 1170 1934 proventus,
1202 1868 1267 1933 quo
1299 1846 1427 1912 diutius
1456 1846 1528 1912 haeo
1551 1846 1588 1910 in
1610 1865 1648 1909 eo

430 1961 467 2053 ἐξ
487 1962 585 2062 iiiios
595 1972 660 2037 quo
675 1951 802 2038 digesta
824 1973 844 2015 a
866 1950 961 2015 nobis
975 1950 1135 2015 videntur
1157 1955 1309 2035 optemus
1330 1949 1496 2015 schemate
1518 1969 1647 2034 perma-

430 2060 546 2154 ffieffi
595 2076 680 2121 nere.
720 2054 809 2134 Quin
824 2054 943 2139 potius,
958 2053 1045 2117 sicut
1067 2053 1107 2117 de
1130 2051 1424 2117 innumerabilium
1439 2049 1647 2138 passionibus

428 2161 585 2254 guhggqhehge
595 2157 762 2243 gestisque
785 2163 971 2220 sanctorum
995 2154 1073 2218 olim
1096 2154 1221 2219 factum
1243 2155 1433 2241 gaudemus,
1449 2159 1489 2219 ut
1511 2175 1552 2218 ea
1574 2173 1647 2239 quoe

496 2224 552 2305 {¹²¹¹

432 2264 571 2364 min
597 2260 702 2344 prisca
724 2257 920 2343 simplicium
943 2256 1070 2321 ruditas
1093 2256 1226 2342 illepide
1256 2257 1460 2343 conscripsit,
1484 2276 1645 2321 novorum

431 2360 738 2465 fflffigssffiyeruditio
761 2358 955 2443 elegantiori
987 2359 1077 2443 stylo
1109 2359 1340 2438 illustraverit,
1364 2360 1470 2423 itaet
1501 2357 1542 2423 de
1565 2379 1647 2444 prae·

429 2462 683 2566 ffilgfgoffiosenti
716 2461 869 2547 opusculo
903 2460 1109 2545 quamtocius
1143 2460 1215 2525 fieri
1247 2460 1284 2525 in
1314 2461 1450 2525 summis
1477 2460 1647 2525 desideriis

431 2564 762 2662 ggffflmssihabemus.
807 2563 899 2627 Tunc
931 2563 1075 2649 primum
1108 2562 1197 2627 votis
1231 2562 1421 2627 successisse
1450 2563 1573 2628 nostris
1606 2561 1647 2625 cd

598 2669 730 2753 plenum
763 2666 962 2730 merebimur
994 2665 1138 2751 gloriari,
1163 2688 1237 2730 cum
1267 2665 1311 2730 ad
1341 2665 1405 2731 Dei
1436 2665 1585 2752 gloriam,
1615 2673 1648 2729 et

598 2770 729 2833 laudem
752 2769 838 2833 servi
870 2768 931 2847 sui,
955 2790 994 2832 ea
1016 2772 1195 2833 venustate
1225 2768 1282 2854 qui
1313 2768 1457 2833 lecturus
1478 2767 1649 2833 accesserit

600 2869 669 2934 haec
691 2868 782 2933 edita
803 2870 989 2955 susceperit,
1005 2874 1046 2933 ut
1068 2870 1165 2935 rebus
1188 2892 1302 2935 revera
1323 2870 1474 2956 gloriosis
1493 2869 1650 2957 ignobilis

531 3026 537 3038 .
599 2971 766 3035 character
795 2975 829 3034 et
863 2970 1023 3056 inglorius
1058 2971 1193 3035 minime
1223 2971 1372 3049 obsistat,
1407 2972 1585 3057 quominus
1614 2971 1648 3034 in
1689 3023 1694 3032 .

600 3072 701 3135 Illum
716 3072 773 3156 qui
796 3072 829 3134 in
854 3072 976 3137 sanctis
997 3072 1066 3137 suis
1087 3074 1246 3159 gloriosus
1269 3078 1328 3150 est,
1352 3073 1529 3139 devotione
1543 3074 1649 3139 cordis

599 3179 634 3237 et
665 3174 852 3238 imitatione
886 3174 992 3260 operis
1023 3174 1163 3240 feliciter
1192 3175 1349 3261 proficiat
1395 3174 1487 3240 Licet
1510 3197 1590 3240 vero
1615 3183 1649 3239 ct

599 3276 665 3340 alia
687 3281 866 3362 suppetant
895 3277 1070 3341 innumera
1100 3277 1140 3340 de
1164 3276 1236 3341 viro
1268 3276 1374 3352 beato,
1397 3277 1450 3341 cui
1480 3278 1594 3342 omnia
1615 3282 1649 3341 et

600 3401 698 3464 opera
720 3386 754 3444 et
781 3379 881 3443 verba
912 3379 948 3441 in
979 3378 1251 3464 cognoscentibus
1278 3383 1312 3442 et
1335 3378 1589 3443 observantibus
1610 3401 1649 3442 ea

600 3503 726 3566 semper
748 3481 1035 3566 prosperabuntur,
1056 3501 1130 3564 quse
1153 3479 1306 3545 fidelibus
1328 3481 1530 3546 innotescere
1551 3482 1649 3547 bene—

599 3584 673 3647 ficio
688 3584 859 3646 literarum
882 3603 987 3665 operoe
1010 3582 1154 3665 pretium
1177 3587 1349 3658 constaret,
1374 3588 1495 3648 nostrae
1518 3585 1648 3670 potissi-

433 3706 588 3767 uheaqthpr's
600 3707 690 3748 mum
724 3706 809 3748 curae
843 3683 907 3746 fuit
941 3704 980 3746 ea
1013 3705 1086 3767 quse
1125 3684 1228 3759 nobis,
1262 3686 1371 3770 gratia
1408 3686 1647 3752 familiaritatis

434 3759 580 3906 ffiliiiiiqq
601 3785 764 3850 ulterioris
790 3784 1006 3870 praecunctis
1030 3805 1111 3867 quos
1129 3787 1200 3871 jam
1224 3808 1390 3872 superesse
1420 3788 1582 3867 novimus,
1606 3790 1646 3852 de

434 3908 587 3984 mercaretur
600 3887 656 3950 illo
679 3893 845 3973 comperta
867 3893 943 3951 sunt
972 3893 1005 3950 et
1032 3887 1190 3971 liquidius
1221 3889 1383 3964 intimata,
1406 3889 1442 3952 in
1468 3912 1570 3955 unum
1595 3891 1646 3954 vel

433 3959 588 4100 bilibit*
600 4013 759 4076 aggerem,
797 3990 1008 4054 necessariam
1054 3991 1287 4075 comportando
1325 3992 1505 4072 materiem,
1543 3994 1646 4058 futuri

434 4063 565 4151 iiiiliiliii
600 4094 758 4180 temporis
781 4093 946 4178 impendio
962 4091 1202 4176 quodammodo
1214 4116 1430 4179 pr*aeparasse;
1453 4116 1520 4160 non
1536 4102 1644 4161 eutem

433 4165 589 4303 iffislipp-
601 4196 875 4261 constructionem
899 4194 1002 4281 ipsius
1027 4192 1166 4269 fabricae,
1198 4194 1370 4280 insigniori
1396 4195 1505 4281 opifici
1529 4199 1646 4263 merito

435 4293 505 4363 rugi.
601 4298 838 4372 reservandam,
862 4297 956 4360 uobis
979 4317 1156 4381 usurpasse.

648 4400 764 4485 Igitur,
788 4400 874 4463 sicut
896 4399 1001 4463 dicere
1025 4419 1234 4483 coeperamus,
1257 4399 1336 4463 dum
1359 4401 1521 4485 portando
1540 4404 1645 4468 funeri

601 4508 653 4568 tot
676 4525 709 4566 se
741 4523 933 4586 magnorum
965 4501 1093 4564 humeri
1116 4501 1260 4564 virorum
1294 4502 1443 4566 certatim
1475 4504 1645 4571 submitte·

603 4612 685 4684 rent,
711 4610 748 4667 ut
778 4603 900 4667 nullius
924 4624 1071 4688 personae
1103 4602 1139 4665 in
1169 4602 1266 4687 globo
1292 4608 1396 4669 tautae
1419 4606 1644 4672 multitudinis

603 4704 759 4771 dilectus¹
794 4726 861 4769 esse
895 4704 1063 4789 potuisset,
1088 4726 1146 4768 rex
1178 4704 1310 4769 tandem
1343 4711 1378 4770 et
1403 4707 1644 4795 archiepiscopi,

604 4813 673 4875 sivo
705 4807 856 4895 episcopi,
888 4812 966 4870 ante
1000 4807 1091 4870 urbis
1122 4807 1310 4893 ingressum,
1337 4809 1511 4894 pretiosam
1548 4834 1641 4896 quarn

886 5100 891 5128 ¹
905 5096 1016 5161 dilectu]
1038 5100 1072 5147 So
1084 5098 1139 5147 MS.
1156 5118 1162 5154 ;
1181 5098 1295 5158 delectus,
1305 5099 1364 5149 Pez.
