4125 6334
804 1180 905 1230 arana
927 1182 959 1241 v,
982 1181 1054 1230 our.
1078 1182 1155 1229 xm.
1426 1171 1489 1232 309

433 1354 494 1412 aut
509 1349 648 1434 inguina
670 1349 797 1414 exustis
820 1349 971 1415 funditus
995 1356 1030 1416 ot
1046 1352 1180 1429 abrasis,
1204 1358 1364 1437 tanquam
1388 1355 1491 1418 sanis-

432 1450 532 1513 simos
547 1449 654 1514 multa
675 1450 848 1516 alacritate
870 1451 1002 1537 pollere.
1049 1452 1143 1517 Adeo
1165 1453 1275 1518 virtus
1298 1454 1403 1519 sancti
1418 1476 1490 1541 per-

434 1551 577 1615 ditarum
609 1553 646 1615 in
675 1552 722 1617 eis
758 1553 903 1639 partium
934 1553 1057 1618 damna
1093 1560 1297 1620 retentarum
1331 1557 1490 1621 firmitate

432 1658 629 1739 compensat,
667 1658 707 1718 ut
743 1676 804 1719 nec
833 1655 997 1720 viscerum
1034 1656 1223 1722 teneritudo
1256 1657 1385 1734 intima,
1414 1678 1489 1722 oum

432 1753 512 1840 ipsis
534 1754 705 1820 interdurn
732 1760 898 1820 costarum
922 1755 1072 1821 obicibus
1098 1763 1172 1823 cute
1202 1758 1343 1844 spoliata
1364 1764 1399 1824 et
1421 1781 1490 1824 car-

432 1855 538 1933 nibus,
562 1857 695 1943 frigoris
726 1861 786 1921 aut
815 1857 955 1922 alterius
989 1857 1152 1923 molestiae
1184 1860 1310 1945 injuria
1338 1861 1379 1925 de
1401 1861 1488 1926 sacili

430 1958 599 2044 pulsetur:
634 1957 905 2044 permanentibus
935 1958 971 2023 in
1000 1958 1124 2024 mirum
1146 1960 1319 2047 plagarum
1340 1963 1489 2049 vestigiis

431 2064 553 2143 praeter
577 2059 725 2124 dolorem
741 2059 921 2140 vulnerati,
937 2061 980 2125 ad
1003 2060 1162 2126 honorem
1185 2061 1314 2142 medici,
1336 2068 1372 2127 et
1393 2065 1487 2128 testi·

429 2161 578 2224 monium
609 2160 735 2239 morbi;
773 2161 900 2225 cunctis
936 2157 1198 2247 inspicientibus,
1231 2165 1274 2229 ad
1312 2166 1486 2230 materiam

430 2261 567 2342 timoris,
590 2283 718 2326 necnon
741 2266 776 2326 et
798 2262 1050 2327 incitamentum
1073 2264 1266 2329 devotionis.

413 2409 415 2413 -
477 2364 626 2428 Perlatus
648 2369 698 2427 est
713 2368 825 2428 autem
849 2364 1048 2429 insatiabilis
1070 2365 1125 2430 hic
1147 2367 1338 2432 solitudinis
1357 2372 1647 2488 amalffl'fffflgssssffil·

334 2477 337 2485 '
430 2473 465 2531 et
498 2465 705 2529 inhabitator
738 2486 759 2529 a
783 2464 1075 2552 Constantinopoli
1099 2470 1143 2532 ad
1164 2468 1255 2533 illius
1279 2470 1401 2535 deserti
1437 2491 1488 2533 re·
1499 2489 1627 2531 transuta

429 2569 552 2655 giones,
573 2567 658 2633 circa
680 2568 716 2631 id
733 2566 912 2653 temporis¹
938 2589 1004 2653 quo
1027 2568 1094 2632 viri
1118 2569 1310 2646 doctissimi,
1333 2576 1376 2647 et,
1399 2571 1487 2654 quod
1498 2537 1639 2639 bibilla

429 2670 534 2756 pluris
549 2675 608 2747 est,
630 2671 667 2734 in
689 2674 804 2734 sancta
823 2668 983 2755 religione
1005 2669 1311 2755 praecellentissimi,
1328 2637 1626 2757 magistermvwn'w'

432 2773 547 2837 Bruno
568 2793 643 2836 cum
666 2772 791 2857 collega
812 2792 871 2835 suo
888 2770 1062 2836 Lauduino
1078 2776 1112 2836 et
1134 2771 1208 2836 aliis
1236 2772 1382 2857 quinque
1405 2772 1628 2881 elec-paredrumf

431 2873 577 2953 tissimis,
601 2872 644 2936 ad
666 2872 839 2957 spirituale
853 2871 1045 2937 tirocinium
1066 2872 1348 2938 commilitonibus
1371 2895 1483 2938 eorum
1495 2850 1615 2982 pleincilr‘f

430 2976 467 3039 in
489 2974 657 3040 montibus
686 2973 804 3038 vicinis
833 2995 925 3038 sacro
947 2973 1169 3039 cartusiensis
1201 2974 1328 3039 ordinis
1364 2975 1482 3040 funda·
1532 2951 1601 3058 ¹¹:35,

432 3086 545 3143 menta
562 3077 669 3162 jacere
692 3080 772 3140 sunt
786 3076 937 3161 aggressi.
984 3075 1050 3155 Qui
1066 3096 1156 3140 more
1171 3098 1230 3141 suo
1252 3074 1483 3142 haereticorum

430 3179 648 3245 contubernia
678 3177 932 3264 perhorrescens,
967 3178 1215 3242 maumeticolas
1245 3178 1402 3265 fugiendo
1433 3178 1482 3242 di-

430 3283 547 3347 lectam
570 3279 674 3345 olim²
706 3280 894 3344 deseruerat
926 3278 1108 3363 Egyptum,
1142 3278 1323 3363 urbemque
1361 3301 1483 3344 memo·
1495 3293 1580 3344 Relies
1591 3298 1622 3344 of

430 3388 537 3448 ratam
571 3402 636 3467 quo
666 3403 701 3446 se
726 3379 898 3446 transferri
930 3378 1126 3465 permiserat
1160 3379 1267 3443 multa
1302 3379 1483 3466 insignium
1495 3360 1532 3409 δι’
1544 3360 1651 3426 antony

431 3483 662 3549 miraculorum
700 3481 805 3568 gloria
842 3480 971 3566 aliquot
1007 3480 1106 3545 annis
1143 3481 1361 3546 decoraverat.
1417 3480 1483 3545 Sed
1494 3428 1651 3543 bellilei

431 3608 536 3672 neque
559 3586 596 3649 in
618 3584 692 3649 istis
714 3590 828 3650 tamen
853 3581 1099 3668 beneplacitum
1123 3588 1196 3647 erat
1218 3583 1258 3659 ei,
1291 3583 1328 3646 in
1363 3557 1641 3675 quibus{¹,¹,‘,¹1¹2¹‡}„}‘}l

430 3690 629 3755 fermentum
652 3707 719 3751 non
749 3684 921 3762 uniforme,
945 3684 1002 3749 sed
1025 3706 1116 3750 error
1136 3684 1353 3771 plurimorum
1375 3690 1576 3755 totamnople·

430 3813 514 3877 pene
536 3810 677 3854 massam
699 3791 895 3873 corruperat.
942 3786 1185 3871 Congratulans
1208 3807 1286 3851 vero
1309 3786 1403 3851 velut
1429 3809 1482 3852 su·

430 3894 511 3958 bitae
532 3892 665 3957 cuidam
687 3888 931 3955 resuscitationi
961 3888 1090 3952 inolitae
1119 3888 1183 3952 sibi
1214 3888 1483 3967 conversationis

430 3993 567 4082 perferri
588 4014 623 4057 se
645 3991 808 4078 disposuit
830 3990 867 4053 in
889 3993 998 4076 partes
1012 3988 1156 4065 illorum,
1179 4009 1261 4072 quos
1287 3988 1389 4054 etiarn
1412 4011 1482 4075 spe·

430 4096 554 4174 cialius,
570 4079 753 4158 inanitate
769 4091 950 4158 Catholicae
964 4089 1082 4154 matris
1097 4088 1251 4167 ecolesiae,
1273 4089 1370 4154 edere
1385 4092 1483 4156 novit

430 4197 551 4286 pascha
573 4196 783 4261 Dominicum
806 4194 842 4257 in
874 4191 1000 4279 azymis
1031 4189 1230 4255 sinceritatis
1255 4195 1290 4255 et
1320 4191 1481 4258 veritatis

431 4300 556 4364 Verum
589 4320 632 4363 ne
668 4297 835 4383 languidis
865 4315 925 4380 ope
963 4314 1022 4358 suo
1060 4291 1289 4377 indigentibus
1321 4297 1381 4357 aut
1411 4294 1482 4380 ipse

430 4401 567 4476 deesset,
589 4405 649 4465 aut
671 4398 816 4463 solitarie
846 4394 1042 4483 degentibus
1065 4415 1107 4458 ex
1132 4394 1370 4459 confluentium
1397 4399 1481 4462 mul-

429 4502 575 4568 titudine
596 4502 806 4586 importrmus
829 4498 995 4576 existeret,
1018 4516 1087 4560 non
1114 4495 1324 4581 praesentiam
1346 4497 1398 4561 sui
1424 4498 1482 4563 sed

429 4603 586 4669 viciniam
608 4602 738 4667 dilectis
761 4600 825 4665 sibi
851 4598 969 4665 accolis
991 4597 1093 4662 eremi
1116 4597 1337 4677 condonavit3
1360 4597 1482 4663 favoris

465 4862 555 4910 'circa
578 4860 605 4909 id
628 4859 753 4926 temporis]
784 4858 840 4909 The
862 4858 936 4908 relies
979 4858 1067 4908 Bruno
1085 4855 1175 4906 settled
1194 4862 1219 4904 at
1237 4854 1279 4903 the
1302 4853 1380 4904 Great
1402 4852 1481 4904 Char·

431 4969 498 5003 uere
509 4952 619 5017 brought
629 4960 656 5002 to
670 4951 848 5003 VienneAD.
861 4954 936 5010 107o;
979 4943 1070 4987 irme-

430 5048 479 5097 but
503 5043 525 5094 it
543 5058 595 5095 was
614 5050 660 5095 not
682 5043 722 5094 till
744 5047 808 5093 1086
826 5040 882 5093 that
899 5041 935 5092 St
981 5012 1088 5144 sagium

1089 5050 1096 5073 ‚
1108 5012 1164 5079 ge]
1184 5010 1248 5061 This
1259 5024 1311 5059 vas
1326 5010 1402 5059 about
1413 5010 1473 5061 Aa)
