4125 6334
521 1116 564 1176 50
743 1124 826 1174 vrrs
848 1127 874 1173 s
898 1126 1052 1174 nuoours
1076 1124 1346 1175 nrvconnrnvsrs

520 1298 797 1381 VI.-Quomodo
821 1321 889 1375 rex,
912 1298 1108 1363 modestiam
1131 1303 1287 1385 expertus
1311 1303 1346 1364 et
1373 1297 1569 1385 longanimi-

563 1412 667 1470 tatem
691 1404 754 1468 viri
777 1404 849 1480 Dei,
867 1403 1034 1488 juraverit
1055 1403 1158 1480 illurn,
1183 1425 1216 1467 se
1240 1404 1382 1480 vivente,
1407 1404 1448 1468 de
1470 1425 1571 1488 regno

562 1507 666 1592 ipsius
688 1506 878 1571 nullatenus
900 1506 1140 1586 discessurum
1168 1527 1267 1591 seque
1290 1506 1427 1570 consilia
1453 1505 1569 1570 salutis

562 1632 630 1675 suae
654 1610 705 1673 illi
728 1608 1047 1675 communicaturum
1068 1607 1252 1673 asseruerit.

517 1710 693 1776 VIL-De
731 1711 890 1799 singulari
934 1733 1013 1798 erga
1058 1710 1201 1797 priorem
1247 1710 1439 1777 Withannae
1483 1712 1571 1799 regis

561 1816 692 1895 savore;
724 1820 858 1901 propter
880 1835 978 1899 quem
1007 1813 1101 1878 illum
1123 1814 1275 1899 genuisse
1298 1814 1483 1879 carnaliter*
1497 1815 1568 1901 ipse

559 1940 619 1982 rex
650 1914 931 1984 existimabatur¹
956 1939 977 1981 a
998 1915 1121 1981 multia.
1167 1915 1214 1980 Et
1237 1916 1278 1981 de
1307 1916 1443 1981 monitis
1464 1917 1569 2003 ipsius

559 2020 645 2085 circa
665 2020 814 2097 salutem,
838 2019 1029 2105 variamque
1053 2018 1248 2099 utilitatem,
1263 2025 1334 2084 tam
1357 2017 1459 2105 ipsius
1483 2020 1568 2106 regis

560 2144 660 2207 quam
682 2129 717 2188 et
740 2121 966 2207 quorumlibet
987 2121 1136 2187 aliorum.

515 2223 812 2305 VIII.-Qualiter
841 2223 877 2287 in
899 2223 983 2287 mari
1011 2221 1203 2289 Britannico
1233 2223 1325 2310 regia
1347 2224 1457 2289 classis
1486 2246 1569 2311 pene

558 2327 755 2414 naufragata
776 2330 930 2413 optatum
960 2325 1040 2389 litus
1062 2326 1177 2391 sedata
1199 2332 1395 2413 tempestate
1421 2327 1570 2408 subivit3

557 2451 633 2516 rege
656 2430 830 2494 invocante
864 2450 923 2515 per
943 2428 1064 2493 merita
1085 2429 1203 2515 prioris
1234 2429 1425 2496 Withannae
1449 2429 1566 2509 Deum,

503 2598 506 2604 ,
557 2537 592 2598 et
614 2537 757 2597 vovente
785 2531 874 2616 quod
905 2553 981 2595 eum
1007 2532 1227 2624 promovere²
1252 2538 1417 2620 satageret
1439 2533 1475 2597 in
1498 2533 1565 2620 epi·

556 2658 697 2722 scopum.

513 2738 717 2819 IX.—Quod
755 2738 887 2823 expleta
924 2738 1169 2803 constructione
1206 2738 1423 2805 habitationis
1454 2762 1567 2805 mona-

555 2842 690 2906 chorum
713 2846 747 2906 et
769 2861 1009 2919 conversorum,
1027 2840 1128 2926 Hugo
1143 2841 1243 2905 sacris
1265 2841 1345 2907 vitae
1367 2843 1566 2928 contempla-

555 2945 635 3009 tivae
669 2943 747 3009 otiis
776 2942 920 3007 ferventi
958 2942 1134 3008 devotione
1172 2943 1321 3008 animum
1361 2944 1566 3010 intenderit.³

557 3046 603 3109 Et
636 3044 724 3131 quod
758 3066 816 3130 per
842 3065 999 3130 soporem,
1036 3045 1155 3131 spiritu
1189 3046 1352 3132 vigilante
1386 3052 1419 3112 et
1450 3057 1565 3112 orante

555 3147 655 3212 etiam
686 3146 854 3224 vocaliter,
886 3148 995 3213 Amen
1026 3149 1147 3234 saepius
1176 3154 1323 3235 repetere
1347 3152 1565 3217 consueverit.

554 3250 600 3314 Et
631 3251 718 3336 quod
749 3272 877 3335 semper
909 3255 1003 3315 totus
1035 3256 1070 3315 et
1101 3252 1230 3337 integer
1261 3252 1497 3319 inveniebatur
1528 3256 1562 3318 in

554 3376 601 3430 e0,
624 3353 666 3418 ad
691 3352 780 3438 quod
811 3375 885 3418 eum
916 3354 1089 3419 intendere
1113 3353 1268 3440 cujusque
1291 3356 1448 3441 temporis
1477 3356 1562 3422 ratio

553 3455 793 3543 praescribebat.

510 3559 647 3623 X.-De
671 3581 708 3621 eo
740 3557 829 3641 quod
858 3557 1014 3622 sublimes
1046 3557 1083 3621 iu
1109 3559 1294 3624 eruditione
1324 3560 1399 3639 viri,
1423 3566 1492 3625 tarn
1521 3562 1561 3626 de

553 3659 744 3725 clericorum
767 3680 867 3744 quam
890 3666 924 3724 et
946 3659 987 3724 de
1009 3662 1241 3727 monachorum
1275 3663 1397 3740 ordine,
1424 3665 1558 3750 cognita

554 3762 753 3848 perfectione
775 3760 878 3827 vitae⁴
917 3760 1216 3844 Withannensium,
1248 3764 1400 3830 abdicata
1437 3768 1553 3830 mundi

551 3866 650 3949 hujus
683 3864 854 3951 sapientia,
893 3864 1092 3932 Christianae
1125 3867 1214 3932 inter
1248 3889 1303 3933 eos
1340 3868 1555 3954 philosophiae

551 3968 733 4055 mancipari
755 3967 1021 4034 festinaverunt.⁶

506 4071 663 4136 XI.-De
679 4071 871 4136 turbulenta
884 4072 1116 4157 inquietudine
1131 4073 1275 4140 Andreae
1298 4080 1333 4140 et
1356 4075 1561 4156 Alexandri3

549 4176 606 4259 qui
644 4175 791 4238 ordinem
830 4175 1045 4240 deseruerunt
1084 4177 1335 4243 Cantusiensem.
1392 4178 1437 4242 Et
1469 4180 1558 4264 quod

547 4276 741 4353 Alexander,
766 4282 879 4362 postea
913 4278 990 4343 facti
1026 4280 1199 4364 poenitens
1233 4281 1392 4346 redeundi
1425 4281 1554 4346 aditum

548 4400 614 4442 non
637 4378 809 4442 obtinuit.⁰

537 4598 755 4664 'aistimabatud
776 4600 811 4649 So
830 4599 877 4659 C.;
895 4601 1004 4651 astima-
1051 4605 1138 4668 agnita
1159 4605 1311 4669 perfectione
1327 4605 1447 4670 (without
1470 4606 1555 4671 vita),

501 4682 581 4740 batur,
594 4679 633 4740 B,
646 4687 672 4729 at
683 4680 749 4729 head
761 4680 791 4728 of
798 4695 852 4743 cap.
867 4683 880 4730 7
894 4682 971 4743 infra.
1051 4684 1090 4744 Β.,
1103 4691 1129 4734 at
1139 4684 1204 4735 head
1216 4687 1245 4736 of
1253 4701 1306 4749 cap.
1321 4691 1351 4735 10
1363 4686 1444 4750 infru.

535 4762 545 4789 ²
552 4759 707 4825 promovere]
729 4759 764 4810 So
785 4758 814 4809 C.
826 4779 833 4817 ς
854 4761 1005 4824 promoveri,
1086 4766 1095 4793 ⁵
1098 4766 1295 4831 smanavemnt]
1308 4766 1342 4817 So
1355 4767 1402 4826 C.;
1421 4767 1555 4818 festinave-

500 4843 540 4901 B.‚
553 4851 578 4892 at
589 4843 654 4892 head
666 4842 697 4891 ol
705 4857 758 4905 cap.
773 4847 788 4891 8
801 4841 880 4904 infra.
1051 4843 1111 4905 rint,
1123 4845 1163 4907 Β.,
1173 4847 1249 4910 infra.

530 4922 693 4986 ’insederim
716 4924 749 4970 So
768 4921 819 4980 (λς
847 4921 1005 4985 impenderit,
1086 4924 1220 4991 ‘aarum
1241 4926 1275 4976 So
1287 4926 1335 4985 (λς
1359 4925 1465 4985 invenit,
1478 4925 1519 4986 Β.,
1531 4934 1557 4976 at

499 5002 537 5060 Β.,
548 5004 648 5052 athoud
659 5002 690 5051 of
697 5017 752 5065 cap.
765 5006 779 5049 9
792 5001 871 5065 infra.
1052 5002 1118 5053 head
1129 5005 1160 5055 os
1167 5021 1221 5069 cap.
1237 5010 1264 5054 ll
1279 5007 1355 5068 infra.

530 5083 645 5147 ‘cognita
653 5081 803 5147 perfectione
816 5080 886 5147 oda]
907 5081 982 5135 Soc.
997 5101 1005 5144 ς
