4125 6334
728 1145 743 1154 ··
818 1141 922 1190 amsa
944 1143 966 1202 1,
990 1140 1061 1191 ons.
1085 1142 1133 1192 nr.
1464 1131 1504 1193 31

448 1323 465 1349 “
487 1314 655 1401 pulverem
688 1336 742 1380 me
772 1320 808 1380 et
838 1316 980 1381 cinerem
1017 1315 1162 1380 sentiens
1197 1337 1274 1394 esse,
1300 1337 1379 1381 mox
1410 1317 1508 1382 bene-

447 1431 463 1455 “
489 1421 630 1487 faciebas
661 1444 737 1486 cum
778 1443 872 1486 servo
902 1427 970 1499 tuo,
1010 1421 1162 1487 revelans
1194 1423 1303 1488 oculos
1342 1444 1432 1489 meos
1469 1427 1510 1488 ut
1523 1425 1565 1476 ΡΒ·
1579 1427 1665 1477 cxviii.

448 1525 727 1589 “considerarem
753 1524 920 1589 mirabilis
947 1525 986 1589 dc
1015 1524 1086 1611 lege
1111 1530 1177 1590 tua
1526 1498 1563 1542 ¹⁸

497 1626 637 1692 “Dahas
658 1648 788 1712 quoque
813 1626 952 1713 fatigato
976 1632 1011 1692 et
1034 1626 1161 1692 defecto
1185 1626 1240 1693 vel
1262 1628 1389 1694 modice
1407 1629 1511 1694 inter-

447 1727 571 1794 “dum
615 1730 788 1817 praelibare
826 1752 949 1794 manna
995 1729 1080 1794 illud
1126 1730 1363 1796 absconditum.
1420 1730 1510 1796 Illud
1523 1733 1605 1798 Apoe.
1615 1734 1643 1785 ii.

450 1841 571 1897 “vero
608 1833 790 1911 tantillum,
828 1833 917 1917 quod
948 1831 1025 1896 hinc
1063 1832 1170 1896 merui
1201 1838 1414 1919 praegustare,
1443 1833 1510 1898 tsle
1527 1804 1564 1852 17.

448 1944 464 1969 ‘⁶
490 1940 564 1998 erat
586 1939 712 2000 ettam
735 1934 942 2010 immensum,
965 1940 1005 1998 ut
1027 1933 1120 1998 facile
1142 1940 1392 2013 contemnerem,
1413 1957 1509 2022 prop·

447 2044 465 2071 “
490 2041 543 2101 ter
567 2037 676 2123 ipsum
700 2037 920 2102 obtinendum
952 2035 1083 2124 plenius
1109 2040 1144 2101 et
1168 2033 1316 2115 diutius,l
1350 2037 1511 2122 quidquid

449 2149 467 2174 “
491 2141 637 2204 mundus
658 2141 756 2204 novit
786 2139 881 2204 dulce
902 2139 957 2205 vel
987 2161 1146 2217 omarum,
1170 2139 1242 2206 lene
1266 2140 1320 2206 vel
1350 2161 1510 2227 asperum.

451 2251 468 2276 “
493 2242 616 2307 Verum
638 2243 674 2307 in
697 2243 748 2307 his
771 2264 846 2307 rara
873 2242 954 2307 mihi
979 2243 1068 2318 hora,
1091 2246 1126 2308 ot
1150 2265 1255 2329 parva
1279 2265 1379 2308 mora.
1427 2242 1512 2307 Rur·
1559 2264 1562 2268 ·

449 2354 467 2380 “
491 2365 566 2410 sum
596 2346 639 2410 ad
664 2346 854 2423 certamina,
889 2367 1001 2410 rursus
1031 2346 1076 2410 ad
1106 2345 1192 2411 bella
1213 2345 1374 2433 rapiebar.
1422 2345 1511 2410 Nus-

449 2455 468 2482 “
493 2469 593 2533 quam
626 2446 730 2527 uero,⁹
752 2449 808 2513 sed
843 2470 903 2513 nec
935 2470 1084 2534 unquam
1115 2448 1230 2527 defuit,
1263 2449 1341 2514 lioet
1372 2448 1511 2535 indigno

451 2561 468 2586 “
492 2552 584 2627 mihi,
620 2550 758 2637 piissimi
790 2551 1042 2638 Redemptoris³
1080 2552 1271 2617 miseratio:
1310 2574 1437 2638 semper
1474 2552 1511 2614 in

452 2661 472 2688 “
496 2674 575 2718 aure
596 2653 702 2718 cordis
728 2653 793 2718 mei
820 2675 887 2718 vox
910 2654 980 2738 ejus
1007 2653 1160 2717 erudiens
1183 2658 1217 2718 et
1240 2654 1408 2719 consolans
1438 2674 1511 2734 me3

451 2766 620 2842 “semper
649 2777 767 2820 manus
796 2756 867 2841 ejus
897 2776 1033 2831 mecum,
1057 2755 1201 2841 eripiens
1233 2759 1267 2819 et
1298 2754 1511 2820 corroborans

454 2869 470 2892 “
495 2857 577 2924 me.’'
1208 2843 1212 2850 ¹
1279 2924 1283 2931 ,

502 2962 548 3026 Et
569 2961 640 3027 haec
662 2962 804 3049 quidem,
828 2983 865 3025 ac
895 2961 1038 3047 plurima
1060 2961 1097 3025 in
1119 2961 1207 3025 huno
1232 2958 1376 3037 modum,
1399 2962 1511 3024 mente
1528 2960 1595 3040 §⁰0¹¹
1604 2976 1680 3028 ⁶¹1³th

453 3064 606 3144 contrita,
637 3085 704 3129 non
735 3064 832 3129 modo
863 3085 923 3150 pro
956 3064 1178 3129 consolatione
1210 3069 1332 3140 nostra,
1363 3061 1419 3128 sed
1450 3082 1510 3148 pro
1524 3043 1679 3158 fflffiffis,

454 3166 632 3233 devotione
669 3172 704 3233 et
741 3165 997 3232 humiliatione⁴
1034 3189 1103 3244 suo,
1136 3166 1293 3231 secretius
1331 3187 1431 3252 agens
1469 3162 1650 3278 deffihenffi·

454 3274 548 3335 statu
581 3292 650 3346 suo,
685 3292 782 3357 quem
816 3271 853 3332 in
888 3270 1079 3356 episcopatu
1112 3268 1256 3333 deflebat
1286 3269 1510 3344 immutatum,
1523 3245 1636 3346 {gig'me

454 3371 497 3437 de
519 3371 595 3437 his⁶
617 3393 691 3459 quae
714 3372 750 3437 in
779 3371 853 3436 vita
879 3372 987 3458 priore
1015 3370 1211 3435 humanitus
1237 3369 1291 3433 vel
1321 3369 1511 3455 pertulerat,
1523 3363 1639 3478 ffihlssti‘)

454 3478 516 3540 aut
537 3474 700 3540 divinitus
729 3479 929 3561 perceperat,
953 3495 1136 3539 memorare
1159 3471 1294 3537 solebat.
1341 3444 1636 3546 Inferebamitlf'

454 3583 568 3643 antem
598 3579 667 3644 haee
697 3579 734 3643 in
768 3579 818 3643 sui
852 3576 959 3663 ipsius
993 3577 1223 3641 vehementem
1258 3572 1510 3661 sugillationem,

455 3680 551 3766 qussi
569 3680 639 3745 Deo
662 3703 722 3768 pro
745 3679 913 3746 beneficiis
935 3680 1003 3744 suis
1026 3701 1168 3766 congrue
1191 3699 1259 3742 non
1282 3676 1512 3763 responderet3

453 3787 515 3847 aut
536 3804 579 3861 sc,
601 3788 677 3869 post
706 3784 850 3869 largiora
881 3782 1019 3846 Domini
1050 3782 1101 3846 sui
1135 3782 1230 3859 dono,
1249 3780 1320 3865 jam
1351 3780 1388 3844 in
1410 3782 1511 3844 aetete
1575 3795 1626 3844 sb.

453 3885 599 3963 robusta,
637 3886 876 3951 infirmioribus
913 3885 1011 3950 annis
1044 3884 1174 3950 viribus
1211 3883 1315 3947 animi
1352 3882 1510 3969 imparem

456 3987 634 4054 exhiberet.

493 4286 617 4354 Ιᾰὲκᾶυ]
638 4287 672 4340 So
687 4287 720 4338 B.
738 4289 789 4338 sud
805 4288 885 4349 Pez.;
903 4290 960 4340 dul·
1044 4286 1241 4353 *humiliatem
1262 4288 1296 4339 So
1315 4286 1344 4338 C.
1359 4287 1409 4336 and
1429 4286 1509 4346 Pes.;

457 4367 520 4428 cius,
533 4367 562 4418 C.
1010 4368 1203 4429 humilitatione,
1214 4368 1244 4417 B.

492 4447 642 4512 ²Nusquum
660 4449 728 4514 cero]
749 4450 784 4499 So
797 4449 856 4499 Pez.
871 4469 877 4507 ;
895 4464 959 4498 uun·

457 4543 534 4592 quum
546 4542 613 4585 vero,
624 4528 674 4588 B.;
692 4542 825 4592 nusquam,
836 4527 865 4579 C.
1044 4526 1155 4592 *deniq
1175 4526 1210 4578 so
1229 4527 1258 4577 B.
1276 4527 1327 4577 and
1345 4526 1423 4586 Pom
1439 4525 1511 4575 etde

494 4606 696 4672 'Redemptoris]
716 4607 751 4658 So
769 4608 800 4657 B.
816 4608 867 4658 and
879 4606 959 4666 Pez.;
1009 4607 1057 4666 his,
1069 4606 1097 4657 C.

457 4687 510 4736 mei
522 4685 701 4748 Redemptum,
713 4686 742 4738 C.
