4125 6334
603 1100 667 1163 282
824 1112 906 1162 vrrs
930 1113 955 1161 s.
979 1112 1137 1161 succure
1159 1110 1430 1162 muconrrmusrs

602 1288 753 1375 seipsum,
789 1311 809 1353 a
842 1288 955 1355 labore
995 1286 1204 1375 dispendioso
1237 1292 1274 1353 et
1307 1287 1520 1355 solicitudine
1557 1290 1664 1357 anxia

491 1413 531 1456 aa.
602 1391 801 1471 absolutum,
847 1392 891 1456 ad
935 1413 1028 1456 suam
1072 1390 1279 1476 quamtocius
1325 1392 1434 1457 sedem
1478 1398 1658 1459 revocaret

603 1502 619 1528 “
642 1493 750 1572 Jam,'’
779 1494 945 1579 inquiunt,
977 1500 994 1528 “
1007 1515 1075 1558 non
1106 1493 1204 1559 modo
1233 1514 1345 1580 regna,
1369 1494 1427 1559 sed
1449 1500 1485 1560 et
1506 1494 1658 1582 regiones

602 1608 621 1632 “
643 1597 789 1684 singulas
802 1596 940 1662 bellicus
963 1596 1040 1661 hinc
1062 1595 1141 1661 inde
1156 1594 1267 1682 fragor
1282 1596 1452 1678 concutit3
1475 1598 1658 1664 turbantur

432 1706 549 1757 'ruesa-
602 1714 618 1737 “
643 1702 766 1788 populi,
799 1702 896 1767 urbes
930 1706 965 1767 et
996 1701 1087 1767 vicos
1118 1705 1227 1766 metus
1262 1700 1401 1768 invadit
1457 1702 1554 1768 Nihil
1583 1704 1655 1789 jam

433 1774 588 1891 {ijlgssfssw
602 1813 620 1838 “
643 1809 779 1885 tutum3
810 1825 878 1868 non
911 1803 1030 1869 civitas
1064 1804 1108 1869 ad
1139 1802 1407 1881 inhabitandum,
1438 1826 1507 1869 non
1532 1804 1653 1894 agger¹

432 1913 547 1972 country.
601 1914 620 1941 “
642 1906 791 1993 publicus
813 1908 857 1972 ad
886 1906 1053 1972 viandum
1110 1905 1153 1971 In
1183 1906 1286 1985 brevi,
1307 1928 1368 1972 nec
1389 1928 1523 1973 manere
1544 1908 1583 1974 in
1604 1908 1655 1974 his

600 2020 616 2044 “
640 2010 719 2075 locis
741 2032 891 2075 secumm
914 2010 987 2087 erit,
1010 2031 1070 2075 nec
1091 2008 1266 2074 abscedere
1288 2007 1459 2075 liberum.’'

645 2113 686 2176 In
708 2113 842 2190 talibus,
876 2117 986 2178 totum
1018 2134 1102 2199 pene
1140 2111 1227 2177 diem
1260 2132 1364 2197 usqne
1398 2113 1442 2177 ad
1473 2135 1652 2201 vesperam,

599 2216 776 2281 consiliarii
809 2221 922 2281 nostro
956 2215 980 2280 J
982 2214 1024 2279 ob
1058 2236 1127 2279 non
1163 2236 1282 2301 parum
1313 2216 1439 2280 onerosi
1473 2216 1651 2284 decrevero

431 2320 490 2371 Job·
506 2321 532 2373 ii.
548 2328 585 2372 ¹¹·
599 2319 688 2383 Nam
719 2323 753 2383 et
775 2319 832 2383 isti
867 2341 887 2383 a
919 2318 1028 2383 tribus
1057 2318 1137 2383 locis
1171 2324 1403 2398 convenerant,
1427 2323 1467 2384 ut
1498 2320 1570 2386 haec
1603 2320 1653 2386 illi

599 2422 817 2500 consulerent,
845 2420 954 2485 ethis
977 2442 1052 2485 eum
1075 2422 1170 2506 quasi
1192 2422 1444 2487 consolarentur.
1485 2423 1552 2488 Hic
1575 2445 1653 2489 vero

598 2525 694 2601 solus,
717 2546 785 2589 non
808 2530 924 2589 contra
946 2528 1014 2588 tres
1037 2522 1145 2589 solum
1167 2523 1326 2602 homines,
1354 2525 1413 2590 sed
1435 2530 1551 2589 contra
1572 2527 1651 2591 toti-

598 2629 673 2694 dem
703 2628 875 2692 hominum
906 2632 1034 2691 turmas
1057 2625 1250 2692 indefense⁹
1279 2610 1477 2714 repugnans,
1508 2628 1654 2695 rationes

598 2755 711 2797 eorum
733 2752 855 2796 vacuas
883 2728 1014 2794 ratione
1047 2729 1249 2795 ostendebat.
1306 2730 1381 2795 Hoc
1404 2730 1491 2795 enim
1514 2752 1592 2811 non,
1614 2737 1653 2797 ut

598 2835 647 2899 illi
670 2834 866 2909 sentiebant,
882 2838 1012 2919 tempus
1036 2831 1203 2910 redimere,
1228 2833 1285 2897 sed
1308 2837 1440 2919 tempus
1459 2834 1604 2920 perdere,
1619 2840 1653 2900 et

598 2938 731 3025 quidem
754 2936 950 3022 turpissime,
982 2934 1173 2999 astruebat:
1208 2934 1268 2999 ubi
1290 2935 1438 3022 dignitas
1460 2943 1495 3001 et
1516 2936 1653 3003 libertas

598 3039 741 3105 ecclesiae
763 3037 870 3103 laicali
893 3037 976 3101 adeo
999 3037 1222 3103 substernitur
1244 3038 1410 3115 satellitio,
1435 3043 1474 3103 ut
1500 3060 1559 3105 nec
1580 3061 1652 3127 per·

598 3143 687 3208 sonis
709 3162 769 3206 nec
791 3139 1050 3226 possessionibus
1073 3140 1298 3206 ecclesiasticis
1320 3140 1538 3206 ecclesiastica
1560 3146 1654 3228 quies

596 3252 631 3311 et
656 3244 882 3330 tranquillitas
905 3243 1110 3320 concedatur,
1132 3242 1199 3307 nisi
1228 3243 1335 3330 pretio
1362 3243 1569 3330 importabili
1591 3268 1650 3332 pro

597 3352 753 3417 laicorum
777 3349 914 3415 arbitrio
944 3348 1042 3413 hodie
1072 3370 1139 3434 pax
1168 3346 1359 3426 redimatur,
1384 3369 1459 3433 quae
1482 3348 1650 3413 crastino³

598 3454 810 3519 rescindatur.
865 3452 912 3515 Et
933 3451 989 3514 ille
1012 3451 1145 3535 quidem
1168 3449 1248 3513 talia
1271 3449 1311 3514 de
1337 3450 1563 3535 redemptione
1586 3448 1647 3516 tali

597 3558 761 3619 sentiebat
784 3559 818 3617 et
840 3550 1035 3639 proferebat.

644 3657 750 3721 Nobis
775 3676 856 3718 vera
881 3653 953 3738 jam
980 3652 1061 3716 satis
1087 3652 1212 3717 factum
1242 3657 1292 3717 est
1315 3653 1541 3739 conspicabile,
1568 3656 1649 3741 quid

600 3780 657 3845 per
680 3756 868 3842 hujusmodi
892 3754 1081 3820 exactiones
1111 3755 1166 3821 ille
1193 3755 1323 3841 Spiritu
1345 3756 1408 3820 Dei
1429 3756 1546 3843 plenus
1569 3780 1651 3843 prae·

431 3874 586 3951 'strennuos
598 3861 720 3925 viderit
736 3860 770 3924 in
787 3858 920 3924 ecclesia
943 3857 1128 3944 Anglicana
1143 3858 1241 3943 paulo
1256 3862 1333 3943 post
1355 3864 1569 3939 eventurum3
1592 3862 1650 3945 qui

430 3949 533 4005 wrong
603 3963 886 4051 inpraesentiarum
910 3961 1070 4037 videmus,
1093 3960 1239 4045 expulsis
1270 3961 1363 4024 etin
1386 3962 1522 4026 exilium
1550 3964 1651 4028 trusis

430 4015 510 4134 liiii]
600 4068 769 4134 monachis
799 4072 834 4130 et
864 4064 997 4142 clericis
1032 4062 1190 4149 episcopis
1224 4068 1258 4127 et
1292 4063 1550 4151 archiepiscopis,
1585 4087 1653 4131 non

430 4141 584 4271 §diffie
600 4177 726 4258 partem
751 4168 940 4255 quamlibet,
971 4167 1029 4232 sed
1063 4165 1314 4229 universitatem
1337 4167 1462 4251 pariter
1491 4168 1653 4232 bonorum

430 4274 543 4325 inexile.
602 4295 745 4352 suorum,
777 4272 935 4335 laicorum
966 4270 1097 4335 cessisse
1126 4267 1259 4353 rapinis.
1306 4267 1391 4332 Cum
1421 4270 1527 4355 igitur
1556 4270 1654 4335 vehe-

600 4375 746 4440 mentius
771 4374 962 4438 insisterent
985 4371 1208 4437 consiliatores
1230 4371 1413 4449 memorati,
1436 4377 1484 4451 ut,
1507 4394 1654 4459 procras-

601 4478 766 4545 tinatione
803 4481 938 4552 remota,
976 4475 1093 4540 statim
1138 4473 1357 4557 acquiesceret
1400 4475 1535 4539 consilio
1575 4475 1648 4559 jam

599 4582 785 4648 diutissimo
808 4579 999 4664 reprobato;
1034 4577 1098 4653 ille,
1130 4576 1234 4639 nimio
1265 4576 1402 4641 affectus
1436 4577 1547 4654 taedio,
1574 4579 1654 4663 quia

1178 4832 1337 4900 ²indefense]
1365 4833 1399 4885 so
1421 4835 1494 4896 ursa
1518 4835 1654 4899 indefesse,

1146 4913 1207 4963 Pes.

767 5051 772 5060 ι
1180 4995 1188 5023 ³
1199 4994 1320 5060 martino]
1340 4992 1374 5045 So
1385 4994 1442 5046 MS.
1455 5015 1463 5056 ς
1482 4993 1654 5060 discretius,

601 5052 698 5102 instead
710 5051 739 5099 of
747 5048 868 5098 erundum.
1147 5074 1206 5123 pez·

636 4866 742 4932 ¹upqer]
766 4878 826 4928 ager
844 4862 871 4911 in
891 4860 947 4912 MS.
968 4861 1019 4908 and
1041 4859 1100 4909 Pes.

601 4959 662 5009 Pez.
688 4958 732 5007 has
751 4974 809 5022 uper
822 4994 827 5004 .
842 4994 846 5004 .
862 4952 933 5004 ..ud
954 4952 1102 5011 mouendum,
