4125 6334
459 1126 465 1140 ·
549 1117 612 1178 210
769 1126 852 1176 vrrs
875 1129 900 1176 e.
925 1126 1079 1175 suemus
1099 1122 1370 1175 mucosmausrs,

906 1426 1117 1493 carneum
1142 1424 1245 1491 XIII.

553 1600 660 1688 capu
691 1596 840 1667 cassiane
872 1597 925 1664 rei
957 1596 1074 1682 pratia
1104 1595 1251 1663 erlam
1273 1590 1443 1661 ‘laciserffl
1469 1615 1610 1662 consm-

618 1702 711 1771 vcrit.
757 1703 802 1767 Et
825 1699 866 1768 dc
881 1700 995 1789 fratrc
1017 1698 1178 1768 Eduardo
1196 1698 1350 1785 jocando
1370 1696 1542 1767 namatio.

597 1884 678 1970 Ejus
702 1905 832 1971 quoque
861 1882 911 1947 rei
944 1883 1053 1969 gratia
1076 1883 1119 1947 ad
1150 1903 1204 1947 eos
1228 1881 1350 1961 venire,
1379 1886 1413 1947 et
1444 1885 1612 1968 quantum

552 1987 645 2053 licuit
671 1989 761 2052 inter
783 2009 838 2054 eos
861 2008 995 2051 manere
1024 2006 1231 2072 summopere
1260 1983 1422 2071 cupiebat,
1450 1985 1614 2070 quatinus

552 2112 619 2155 non
642 2095 777 2155 tantum
797 2092 941 2153 sumeret
960 2088 1002 2151 ab
1026 2087 1082 2165 eis,
1105 2088 1163 2152 sed
1186 2087 1287 2152 etiam
1310 2087 1541 2173 impertiretur
1564 2087 1614 2153 eis

552 2192 714 2279 quidquid
739 2196 848 2279 posset
870 2190 988 2279 gratiae
1018 2190 1209 2277 spiritualis.
1266 2189 1362 2269 Quod
1384 2190 1615 2267 nihilominus,

554 2295 696 2360 Domino
734 2298 938 2382 cooperante,
978 2293 1151 2358 efficaciter·
1188 2292 1398 2378 adimplebat
1452 2293 1544 2358 Nam
1576 2298 1615 2359 et

552 2399 653 2463 fortes
692 2398 907 2474 exhilarabat,
944 2402 979 2461 et
1011 2396 1160 2461 infirmos
1193 2396 1378 2473 roborabat,
1412 2396 1614 2462 vacillantes

553 2501 752 2580 stabiliebat,
775 2500 960 2566 stabiliores
982 2499 1025 2563 ad
1050 2498 1243 2563 sublimiora
1263 2498 1473 2583 provehebat.

599 2606 650 2670 De
674 2627 740 2690 quo
765 2625 884 2691 genere
908 2602 991 2666 illud
1016 2601 1087 2685 ejus
1114 2623 1196 2688 opus
1214 2600 1397 2686 jocundum
1419 2601 1493 2682 sirit,
1520 2603 1615 2689 quod

554 2708 638 2773 circa
675 2707 773 2795 longe
810 2705 959 2794 superius
997 2708 1214 2770 memoratum
1251 2702 1386 2768 fratrem
1425 2705 1614 2772 Einardum

554 2811 691 2876 comiter
713 2816 748 2875 et
770 2809 935 2874 industrie
957 2809 1066 2894 gessit.
1115 2806 1181 2887 Qui
1204 2805 1276 2891 jam
1299 2827 1400 2872 senex
1421 2807 1613 2888 admodum,

552 2918 671 3000 utpote
694 2913 752 2998 qui
779 2912 821 2976 ab
847 2911 944 2975 annis
974 2933 1057 2996 pene
1083 2915 1225 2985 centum,
1253 2909 1289 2972 in
1316 2910 1462 2976 diversas
1493 2912 1616 2977 mundi

553 3020 673 3102 partes,
697 3036 756 3100 pro
786 3013 1001 3078 instituendis
1027 3014 1117 3078 illius
1145 3011 1272 3078 ordinis
1299 3011 1458 3092 domibus,
1489 3038 1510 3080 a
1542 3015 1615 3081 suis

554 3116 822 3183 Oartusiensibus
844 3117 943 3202 longe
966 3117 1097 3202 lateque
1129 3116 1282 3192 directus,
1306 3115 1439 3181 demum
1457 3118 1531 3203 jam
1555 3118 1616 3184 de-

554 3221 697 3307 crepitus
735 3219 834 3306 hujus
863 3220 990 3305 negotii
1021 3242 1120 3285 causa
1152 3224 1349 3306 pervenerat
1381 3219 1615 3300 Withamiam,

555 3322 744 3389 Oartusiam
767 3322 873 3388 redire
905 3322 1067 3408 cupiebat.
1129 3320 1276 3388 Videbat
1300 3322 1397 3400 enim,
1425 3324 1617 3411 opitulante

555 3426 619 3490 Dei
648 3425 885 3511 omnipotentis
915 3425 1147 3505 misericordia,
1173 3428 1244 3514 jam
1270 3425 1377 3495 locum
1406 3427 1515 3514 ipsum
1538 3434 1615 3493 tam

464 3524 485 3591 '.
554 3528 694 3591 interius
718 3548 817 3611 quam
845 3528 992 3591 exterius
1015 3527 1058 3591 ad
1082 3528 1293 3615 perfectionis
1316 3531 1444 3597 culmen
1468 3529 1615 3596 feliciter

554 3629 718 3694 enituisse.
764 3628 969 3712 Disponebat
992 3630 1097 3715 igitur
1120 3634 1162 3697 ad
1187 3658 1263 3701 suos
1287 3635 1400 3710 redire,
1426 3638 1458 3697 et
1482 3634 1614 3699 cariosa

550 3730 623 3816 jam
649 3730 796 3793 membra
819 3729 951 3794 bustis²
974 3740 1161 3799 sanctorum
1186 3740 1244 3824 qui
1271 3761 1347 3803 eum
1369 3736 1616 3802 adolescentem

555 3833 635 3897 olim
658 3833 878 3898 educaverant
908 3835 1037 3900 sociare.
1095 3837 1218 3904 Verum
1246 3864 1321 3907 cum
1346 3845 1492 3905 cerneret
1516 3862 1615 3905 suam

388 3953 540 4002 Setsouton
554 3936 595 4001 de
610 3936 663 4001 die
685 3936 721 3999 in
742 3935 830 4000 diem
852 3938 952 4002 variis
976 3940 1162 4006 rationibus
1186 3944 1274 4008 eludi
1297 3943 1527 4023 intentionem,
1550 3965 1616 4009 nec

387 4020 523 4136 pgstffiturn
549 4041 621 4127 jam
644 4040 743 4105 ferret
767 4062 830 4124 quo
854 4063 946 4105 mons
977 4064 1036 4106 sua
1066 4046 1230 4111 aestuabat
1261 4047 1414 4112 desiderii
1436 4047 1617 4111 vehemen-

388 4154 466 4203 Great
554 4146 644 4222 tiam,
668 4143 853 4208 valedicens
884 4144 1051 4223 fratribus
1081 4150 1241 4213 tremulos
1270 4150 1386 4216 baculo
1420 4154 1616 4216 sustentans

387 4221 476 4338 ἓξζζρ
554 4252 656 4325 artus,
680 4246 771 4310 abire
795 4246 904 4333 coepit.

600 4349 649 4412 At
671 4348 840 4436 episcopus
862 4349 969 4415 solitis
992 4357 1073 4417 tunc
1103 4353 1140 4417 in
1171 4355 1252 4419 cella
1275 4378 1334 4421 sua
1356 4356 1495 4421 vacabat
1518 4378 1615 4422 exer-

555 4452 643 4515 citiis
666 4452 929 4539 contemplativae
964 4453 1170 4522 dulcedinis.³
1228 4458 1369 4525 (laverat
1396 4460 1484 4525 enim
1507 4482 1613 4526 senex

555 4554 610 4619 ille
634 4555 781 4636 devotus,
804 4578 846 4622 ne
867 4557 956 4643 quod
978 4558 1177 4625 moliebatur
1198 4561 1228 4626 ei
1243 4562 1365 4628 citius⁴
1379 4562 1612 4647 innotesceret,

591 4846 726 4910 'inciserc]
759 4845 793 4895 So
816 4845 873 4895 MS.
897 4845 974 4905 here;
998 4848 1058 4897 visi·
1105 4851 1180 4910 MS.;
1199 4851 1615 4917 conoemplationisquedulcedini,

556 4932 620 4984 tare,
629 4927 655 4975 in
669 4926 748 4975 'l'able
760 4926 790 4973 of
798 4924 919 4988 Chapters
930 4943 1014 4990 supro.
1105 4929 1164 4980 Pez,

588 5005 698 5070 ‘²buatir]
720 5006 754 5055 So
766 5005 841 5063 Pez.;
859 5006 953 5066 bestiis,
966 5006 1021 5057 MS.
1078 4977 1082 5098 ι
1138 5012 1243 5076 lortius]
1264 5012 1298 5063 So
1310 5011 1366 5061 MS.
1381 5033 1388 5070 ;
1407 5011 1507 5073 certius,
1519 5012 1581 5064 Pes.

590 5084 797 5150 ’contemplativa
830 5083 977 5151 dulcedines]
1021 5086 1080 5154 Sor
