4125 6334
810 1160 913 1212 amna
935 1161 967 1222 v,
991 1158 1062 1209 cnr.
1075 1140 1141 1212 'xu
1424 1148 1487 1212 295

434 1335 567 1400 aliunde
600 1335 672 1420 jam
712 1335 911 1412 tenentibus,
944 1340 1005 1399 aut
1041 1335 1252 1421 postmodum
1288 1338 1490 1422 percepturis

437 1438 572 1524 potiora,
612 1437 682 1502 baec
713 1442 826 1501 nostra
857 1460 925 1501 non
955 1438 1053 1501 modo
1088 1438 1260 1525 superflua,
1295 1440 1351 1502 sed
1388 1440 1489 1504 etiam

436 1539 612 1603 videantur
652 1560 794 1604 onerosa.
840 1539 893 1604 Ne
922 1561 1001 1605 vero
1024 1545 1065 1605 ut
1095 1542 1195 1605 etiam
1230 1549 1492 1629 praesumptuosa

435 1643 703 1723 condemnentur,
740 1664 854 1707 eorum
888 1642 1028 1707 arbitrio
1063 1642 1282 1729 relinquimus
1315 1645 1491 1729 providen-

433 1744 522 1824 dum,
547 1767 689 1831 quorum
712 1767 827 1810 sumus
849 1745 988 1831 imperio
1011 1746 1170 1831 compulsi
1192 1745 1235 1809 ad
1257 1746 1473 1813 scribendum.

478 1847 655 1913 Sciendum
679 1848 794 1933 itaque
817 1847 927 1934 ipsum
949 1867 1027 1912 vere
1050 1846 1168 1912 mundi
1191 1847 1332 1927 exulem,
1355 1853 1390 1913 et
1413 1850 1488 1915 coeli

431 1951 547 2026 civem,
571 1972 613 2014 ex
640 1955 722 2014 tunc
745 1971 847 2035 quam
877 1949 1022 2014 maxime
1046 1949 1219 2035 praesentis
1252 1950 1414 2016 incolatus
1437 1954 1488 2017 sui

431 2052 607 2138 dispendia
622 2052 837 2129 exhorruisse,
860 2052 1066 2138 coelestisque
1087 2052 1305 2118 habitationis
1328 2053 1488 2120 desiderio

431 2156 595 2240 flagrasse,
620 2176 663 2219 ex
693 2175 757 2240 quo
780 2153 909 2241 plenius
938 2155 1178 2220 animadvertit
1201 2159 1352 2243 optatam
1374 2180 1394 2221 a
1417 2160 1489 2243 qui-

431 2258 571 2323 busdam
587 2256 681 2343 regni
698 2256 918 2321 mutationem
941 2258 984 2321 ad
1007 2257 1173 2323 deteriora
1195 2280 1338 2346 vergere,
1362 2265 1396 2324 et
1418 2283 1489 2347 spe-

432 2365 538 2425 ratam
569 2363 678 2424 status
702 2357 913 2423 ecclesiastici
946 2360 1211 2442 meliorationem
1241 2362 1278 2426 in
1312 2362 1487 2428 adversum

433 2464 551 2528 cedere.
596 2460 651 2525 Ad
682 2460 851 2526 ecclesiam
882 2483 960 2545 ergo
994 2484 1088 2527 suam
1123 2463 1329 2549 quamtocius
1360 2468 1487 2531 censuit

428 2564 659 2650 repedandum,
692 2564 851 2649 quatinus
881 2563 983 2628 saluti
1013 2565 1264 2630 commissarum
1295 2565 1403 2651 [sibi]¹
1437 2589 1487 2631 so-

432 2668 548 2732 lertius
570 2666 762 2753 provideret
796 2666 992 2743 animarum,
1015 2665 1145 2751 sibique
1175 2666 1319 2743 liberius,
1342 2690 1385 2732 ex
1407 2669 1486 2732 ube-

432 2770 509 2834 riori
541 2769 652 2836 fructu
687 2767 840 2855 pietatis'
860 2767 1068 2846 omnimodae,
1107 2769 1151 2833 ad
1189 2789 1330 2855 superna
1367 2771 1489 2856 gaudia

433 2872 621 2958 exquireret
644 2873 872 2936 commeatum.

476 2974 671 3039 Valedicens
694 2973 808 3058 itaque
831 2977 1012 3038 memorato
1035 2972 1188 3059 principi,
1211 2974 1344 3039 recessit
1374 2976 1417 3040 ab
1450 2997 1487 3040 eo
1501 3000 1608 3097 qupg,

1598 3088 1605 3115 l

432 3076 576 3142 secundo
600 3076 683 3141 feria
706 3076 847 3141 Paschae.
895 3075 1046 3161 Cumque
1072 3076 1276 3162 pervenisset
1301 3077 1345 3141 ad
1371 3077 1487 3144 villam
1500 3053 1631 3154 illisum

433 3180 611 3265 quamdam
644 3179 680 3243 in
711 3200 776 3265 qua
811 3177 974 3264 hospitari
1005 3178 1206 3258 decreverat,
1238 3202 1337 3264 quam
1371 3180 1487 3245 incolae
1500 3154 1632 3252 iillili'

430 3282 549 3347 Fleche
565 3286 698 3359 vocant,
724 3281 890 3366 ingressus
913 3279 1081 3345 ecclesiam
1106 3279 1222 3344 missas
1245 3278 1407 3344 celebrare
1431 3254 1635 3366 pa·iill}}illi‹ior

433 3385 537 3450 rabat.
594 3385 640 3450 Et
670 3405 750 3460 cccc,
785 3383 843 3447 illo
875 3383 1017 3448 necdum
1044 3382 1144 3447 sacris
1177 3381 1328 3446 vestibus
1358 3382 1486 3459 induto,
1500 3371 1636 3491 fflsllffi·

433 3487 560 3552 turbati
576 3487 619 3552 ad
643 3508 717 3551 eum
733 3490 910 3551 accurrunt
924 3484 1072 3550 ministri
1094 3485 1155 3561 sui,
1170 3484 1365 3550 nuntiantes
1388 3507 1487 3571 equos
1501 3491 1630 3600 ffipgfffi

434 3594 469 3654 et
483 3589 604 3654 rhedas
627 3589 731 3677 ipsius
753 3589 796 3652 ab
819 3588 909 3653 illius
932 3588 995 3652 loci
1016 3587 1210 3653 custodibus
1230 3586 1375 3667 retineri,
1392 3609 1486 3673 quos·
1500 3590 1624 3684 {Quane

432 3692 627 3757 demetiam
654 3714 695 3757 ex
722 3691 894 3777 sagmariis
916 3711 1052 3756 suorum
1079 3713 1100 3756 a
1123 3689 1337 3777 pradonibus
1359 3691 1487 3755 abduci.

434 3795 540 3860 Erant
555 3817 635 3860 vero
651 3795 689 3859 in
705 3795 866 3860 comitatu
881 3793 984 3879 ipsius
1006 3793 1161 3859 dominus
1176 3792 1364 3859 Gilebertus
1380 3794 1486 3859 Rovc-
1501 3818 1590 3879 uuum
1600 3820 1629 3863 uo

433 3898 607 3964 cestrensis
622 3898 804 3985 episcopus,
821 3900 856 3961 et
872 3896 980 3961 clerici
1001 3897 1208 3961 diversorum
1228 3896 1372 3961 locorum
1388 3920 1487 3983 quarn
1501 3869 1621 3973 lllllllll'

433 4001 576 4087 plurimi.
603 3989 605 3993 ⁵
624 4000 690 4081 Qui
712 4021 824 4066 omnes
848 3995 1107 4086 [unanimiter]²
1129 3998 1291 4084 rogabant
1306 4020 1391 4076 curn,
1408 4022 1487 4085 qua·
1502 3971 1632 4016 R‘ffllt'l'

433 4105 524 4169 tinus
569 4104 800 4190 praetermissa,
838 4104 880 4167 ob
916 4104 1019 4167 tentae
1055 4100 1261 4165 necessitatis
1292 4106 1328 4165 ct
1360 4107 1488 4186 pertur-

429 4206 575 4272 bationis
605 4213 774 4283 eventum,
804 4205 978 4270 missarum
1014 4202 1244 4283 celebratione,
1276 4203 1486 4289 evangelium

433 4309 495 4374 sibi
524 4310 593 4397 legi
621 4312 799 4375 contentus
821 4308 916 4384 foret,
931 4311 1035 4393 utque
1059 4328 1092 4371 se
1121 4310 1155 4370 et
1177 4326 1253 4369 suos
1275 4306 1446 4392 expediret
1468 4330 1489 4370 a

434 4412 538 4477 tantis
563 4412 717 4499 periculis
743 4411 890 4475 animum
917 4408 1114 4475 intenderet.
1171 4405 1238 4486 Qui
1261 4408 1310 4472 nil
1333 4407 1488 4474 turbatus
1501 4420 1649 4531 gioffiwns

434 4537 476 4578 ex
511 4515 562 4579 his
589 4538 663 4600 quae
695 4537 715 4578 a
745 4512 934 4598 raptoribus
962 4510 1171 4597 gerebantur,
1202 4510 1259 4574 sed
1289 4532 1348 4575 nec
1378 4517 1488 4575 motus
1501 4521 1636 4614 fflgssoe

434 4638 476 4680 ex
507 4616 658 4703 hisquae
688 4641 708 4680 a
740 4615 916 4681 comitibus
946 4612 1214 4699 suggerebantur,
1238 4617 1278 4677 ut
1305 4613 1424 4677 surdus
1454 4618 1642 4715 stasim

434 4724 549 4786 mutus
577 4722 621 4786 ad
651 4718 775 4799 audita,
797 4718 914 4804 coeptis
930 4720 1063 4782 tantum
1087 4715 1270 4780 insistebat.
1317 4715 1388 4778 Nec
1412 4714 1489 4776 sim·
1561 4727 1600 4772 ee.

434 4822 566 4908 pliciter
597 4829 632 4890 et
663 4825 761 4912 plane
792 4844 920 4888 sacrum
950 4824 1128 4886 contentus
1154 4817 1296 4882 officium
1326 4836 1488 4902 peragere,

909 4973 991 4979 ...—.
1006 4973 1032 4978 ...
1073 4972 1107 4976 ...-
1163 4967 1258 4974 -..—.
1302 4966 1309 4971 -
1319 4966 1360 4971 ...-
1369 4966 1384 4970 ..
1394 4966 1401 4970 .
1415 4965 1452 4972 ..-

470 5044 550 5111 ¹aibr]
568 5046 620 5096 Not
637 5046 664 5094 in
682 5045 739 5095 MS.
752 5065 758 5103 ;
776 5044 859 5093 added
874 5043 939 5092 from
1018 5044 1028 5070 ²
1041 5038 1198 5103 unanimiter]
1218 5036 1270 5086 Not
1280 5035 1308 5084 in
1321 5034 1378 5085 MS.
1390 5055 1396 5095 ;
1409 5036 1489 5086 added

434 5127 496 5177 Pcz.
985 5119 1051 5170 from
1063 5120 1122 5169 Pez.
