4125 6334
800 1167 902 1216 nans
924 1168 956 1229 v,
981 1167 1113 1216 cin1v.
1423 1152 1486 1214 245

481 1350 497 1377 ‘¹
510 1343 591 1407 Haec
613 1348 727 1408 sancto
750 1343 901 1428 episcopo
932 1341 989 1406 isti
1013 1340 1107 1405 vobis
1138 1341 1235 1426 cupio
1265 1339 1488 1404 mediantibus

434 1454 449 1477 “
474 1445 631 1520 intimari,
654 1466 720 1530 quo
743 1449 778 1509 et
803 1444 894 1508 illius
925 1466 1050 1507 merear
1080 1464 1141 1529 ego
1171 1441 1376 1506 orationibus
1399 1443 1487 1527 apud

435 1556 450 1579 “
475 1547 655 1611 Dominum
670 1546 831 1632 adjuvari,
848 1551 885 1611 et
899 1546 970 1632 ipse
985 1567 1061 1610 cum
1080 1545 1149 1609 suis
1164 1543 1260 1609 sociis
1284 1544 1321 1607 in
1342 1543 1486 1608 Domino

432 1655 450 1682 “
473 1648 592 1725 valeat,
630 1670 705 1713 cum
743 1648 810 1713 ista
853 1647 1066 1735 perspexerit,
1107 1645 1250 1732 amplius
1282 1644 1487 1729 jocundari.''

431 1751 512 1816 Haec
541 1750 646 1837 igitur
674 1750 853 1816 referentes
876 1750 1026 1836 episcopo
1049 1747 1169 1833 quibus
1200 1745 1437 1812 innotuerant¹
1466 1770 1486 1811 a

431 1854 632 1938 presbytero,
668 1852 848 1939 sperabant
885 1851 989 1927 illum,
1020 1872 1088 1915 non
1131 1849 1203 1914 sine
1240 1850 1340 1914 ovida
1377 1849 1484 1914 cordis

431 1956 615 2032 devotione,
645 1954 688 2019 ad
723 1975 762 2019 ea
792 1976 871 2019 mox
903 1952 1048 2017 videnda
1081 1973 1314 2039 processurum.
1360 1951 1485 2017 Verum

430 2056 486 2121 ille
510 2057 554 2120 ad
576 2057 693 2122 audita
715 2056 888 2122 confestim
910 2056 960 2120 ita
982 2054 1172 2141 respondit:
1197 2051 1345 2129 “Bene’'
1366 2053 1483 2139 inquit,
1498 2052 1626 2145 Hisbo·

429 2167 446 2192 “
469 2159 505 2221 in
536 2159 670 2223 nomine
703 2158 839 2223 Domini
871 2158 1016 2222 habeant
1049 2157 1114 2221 sibi
1148 2156 1244 2243 signa
1276 2155 1485 2221 infidelitatis
1499 2120 1605 2236 {iiiiii

429 2269 446 2294 “
469 2282 544 2325 sum
593 2259 682 2339 Quid
705 2259 749 2323 ad
772 2280 832 2348 nos
854 2260 895 2324 de
918 2259 995 2323 hisi
1039 2258 1133 2324 Num
1157 2258 1318 2322 miramur
1340 2259 1484 2344 particu-
1497 2251 1549 2329 ‘¹¹3⁸
1576 2319 1584 2368 ¹

430 2370 449 2397 “
472 2362 556 2426 lares
578 2361 738 2448 imagines
768 2361 867 2446 hujus
901 2360 1008 2427 divini
1040 2361 1197 2441 muneris,
1221 2362 1279 2445 qui
1308 2366 1420 2425 totum
1450 2367 1486 2426 et
1497 2333 1575 2368 mnae
1585 2335 1607 2381 e,

429 2469 448 2499 “
471 2464 639 2550 integrum
662 2463 724 2528 hoc
753 2462 885 2529 ooeleste
916 2463 1111 2528 sacrificium
1143 2462 1291 2547 quotidie
1314 2463 1485 2527 intuemur

429 2575 446 2600 “
470 2565 660 2631 fidelissimo
682 2570 817 2652 aspectu
832 2564 979 2630 mentisl
1013 2563 1216 2629 Intueatur⁹
1237 2564 1328 2628 illins
1346 2565 1485 2650 exiguas

431 2676 447 2701 “
471 2668 694 2754 poitiunculss
724 2667 800 2732 visu
831 2688 993 2753 corporeo,
1018 2668 1076 2751 qui
1108 2672 1215 2731 totum
1244 2687 1311 2730 non
1334 2667 1485 2731 intuetur

430 2779 447 2804 “
470 2770 547 2835 fidei
570 2774 746 2856 conspectu
764 2769 923 2835 intorno.''
962 2769 1045 2834 Haec
1063 2770 1184 2850 dicens,
1200 2770 1483 2834 commendantem

429 2873 689 2938 secretionibus
727 2873 798 2958 ejus
842 2872 1082 2958 presbyterum,
1121 2872 1200 2936 data
1245 2871 1483 2948 benedictione,

384 2992 386 2994 ·
429 2974 520 3039 abire
542 2975 698 3061 permisit.
745 2974 887 3039 Suorum
917 2995 996 3039 vero
1025 2975 1251 3039 curiositatem
1272 2973 1482 3059 redarguens,
1494 2991 1545 3038 and
1556 3005 1595 3040 re-

429 3077 465 3139 in
495 3077 572 3142 fidei
601 3077 769 3143 soliditate
799 3078 888 3162 ipsos
918 3099 986 3142 non
1017 3077 1124 3144 solum
1157 3076 1349 3155 roboravit;
1381 3077 1482 3141 immo
1494 3057 1574 3171 {3⁰⁸
1585 3058 1625 3107 ¹¹³⁸

430 3178 552 3242 certius
573 3200 612 3243 ea
634 3200 709 3264 quae
731 3178 813 3243 fides
836 3178 1030 3265 proscribit,
1054 3201 1154 3264 quam
1177 3200 1216 3243 ea
1239 3201 1313 3263 quae
1335 3181 1394 3244 lux
1417 3181 1611 3267 tempatione

429 3281 570 3345 visibilis
600 3282 754 3360 ostendit,
777 3282 884 3345 teneri
914 3281 1034 3346 debere
1057 3304 1077 3345 a
1098 3280 1251 3345 fidelibus
1274 3286 1308 3345 et
1330 3282 1483 3367 intelligi,
1496 3265 1619 3373 {fflssy

430 3383 687 3448 luculentissime
718 3383 906 3448 declaravit.
953 3383 1008 3448 Sic
1038 3383 1150 3468 itaque
1181 3406 1202 3446 a
1231 3384 1399 3469 proposito
1429 3406 1485 3448 cu-

430 3485 523 3550 riosae
538 3486 676 3550 visionis
691 3486 765 3550 illos
780 3486 943 3565 coercuit3
958 3490 993 3550 et
1007 3486 1050 3549 ad
1066 3485 1281 3551 excitandum
1298 3485 1484 3551 devotionis

430 3592 597 3674 oslectum
620 3590 745 3675 pariter
775 3593 810 3654 et
841 3588 1040 3674 amplexum,
1063 3588 1106 3653 ad
1136 3588 1207 3654 haec
1237 3611 1316 3654 vera
1343 3595 1377 3654 et
1400 3590 1484 3653 vivi-

430 3692 492 3755 fice
514 3690 663 3755 cordium
686 3690 846 3755 alimenta
867 3695 994 3756 mentes
1016 3692 1224 3755 audientium
1248 3691 1400 3756 erudivit.

475 3792 528 3856 Ex
557 3793 734 3878 praemissis
766 3815 853 3873 vero,
887 3814 1015 3858 necnon
1050 3797 1150 3858 etex
1181 3794 1255 3858 aliis
1278 3795 1348 3879 ejus
1372 3797 1483 3862 verbis

429 3896 549 3961 certius
575 3895 671 3959 nobis
693 3917 884 3981 persuasum
909 3901 1068 3973 tenemus,
1093 3896 1172 3981 quia
1197 3918 1265 3959 non
1288 3898 1387 3961 semel
1410 3906 1483 3963 tan·

434 4003 515 4074 tum,
546 4004 586 4062 ut
617 4020 718 4083 supra
744 4003 912 4062 ostensum
944 4003 1003 4073 est,
1033 3997 1138 4061 immo·
1165 3998 1266 4061 etiam
1296 3997 1485 4082 frequenter

430 4099 480 4163 illi
514 4121 703 4165 concessum
727 4100 781 4180 sit,
812 4099 960 4164 revelata
991 4098 1134 4162 hominis
1172 4098 1361 4162 inteiioris³
1390 4100 1482 4182 facie,

430 4202 489 4265 illa
511 4201 721 4287 singulariter
743 4202 784 4266 de
808 4203 869 4266 hoc
884 4206 1087 4266 sacmmento
1103 4200 1178 4264 visu
1201 4200 1343 4285 quodam
1363 4202 1482 4269 intimo

431 4304 618 4391 pcispicere,
634 4326 709 4390 quse
732 4305 828 4369 nobis
851 4303 1032 4368 invisibilia
1055 4303 1209 4367 docemur
1232 4325 1345 4369 omnes
1359 4306 1482 4392 pariter

430 4406 495 4472 fido
518 4407 694 4492 purissima
716 4406 877 4471 credendo
892 4406 1042 4471 retinere.

467 4711 653 4777 'inwmoanq
674 4710 777 4761 SoMS.
793 4730 801 4771 ς
820 4708 935 4761 innotue-
1012 4711 1169 4778 'interioriq
1201 4711 1236 4761 So
1257 4710 1315 4761 ΜΒ.
1339 4711 1389 4760 and
1415 4710 1480 4758 Dor·

432 4797 479 4851 rat,
490 4792 551 4841 Pes.
979 4791 1089 4850 landum
1107 4790 1304 4851 interiorc‚Pez.

464 4870 630 4936 Ἰκιιεαειν]
658 4870 693 4920 So
715 4870 797 4931 Pes.;
815 4869 934 4920 Intuean·

432 4950 549 5013 tur,MS.
