4125 6334
800 1192 902 1241 arasa
925 1192 956 1253 v,
980 1192 1051 1241 (iar.
1076 1194 1131 1242 xv.
1251 1201 1254 1208 ·
1426 1183 1491 1246 323

430 1373 530 1454 atque
553 1369 722 1433 custodem
744 1368 817 1454 agri
833 1368 1005 1453 vineaeque
1022 1367 1216 1449 Dominicae,
1237 1369 1339 1455 juxta
1365 1390 1489 1433 morem

430 1475 470 1534 ut
493 1493 592 1557 supra
614 1471 785 1535 docuimus
808 1470 948 1557 singulis
971 1492 1055 1557 pene
1078 1473 1174 1536 anuis
1190 1473 1232 1536 ab
1248 1473 1319 1559 ipso
1339 1472 1488 1558 frequen·
1504 1474 1598 1539 Supra,

433 1578 553 1650 tatum,
578 1574 646 1638 suis
662 1573 871 1659 quamtocius
889 1575 1158 1660 procuratoribus
1173 1580 1208 1639 et
1223 1574 1489 1662 cooperatoribus
1503 1546 1560 1590 ³⁰²

432 1677 653 1741 restituamus.
701 1675 789 1740 Nam
815 1680 850 1741 et
875 1677 1062 1743 immutatae
1077 1699 1183 1755 voees,
1209 1683 1386 1764 gestusque
1410 1677 1487 1741 sub-

430 1778 559 1843 tristior
579 1779 707 1856 alitum,
730 1801 790 1843 nos
804 1800 934 1864 quoque
957 1778 1040 1843 totis
1064 1801 1146 1866 pene
1170 1780 1338 1845 mensibus
1361 1779 1488 1846 aestivis

431 1887 634 1967 protractam
657 1884 728 1967 jam
753 1886 882 1947 mutare
897 1881 952 1947 vel
967 1882 1079 1969 potius
1103 1882 1283 1949 terminare
1307 1883 1487 1949 admonent

431 1984 640 2049 cantilenam.

476 2086 644 2151 Montium
667 2107 744 2171 ergo
771 2086 863 2172 juga,
888 2086 1016 2153 devexa
1047 2088 1179 2153 collium
1210 2088 1323 2168 latera,
1347 2088 1485 2153 vallium

365 2194 370 2202 '
428 2194 556 2254 tractus
579 2196 679 2274 atque
702 2210 899 2274 camporum,
923 2194 1101 2275 vastosque
1131 2190 1240 2276 pelagi
1262 2190 1363 2267 sinus,
1392 2190 1486 2257 celeri

428 2313 516 2357 nunc
538 2291 633 2378 lapan
659 2291 753 2377 quasi
776 2292 1041 2376 praetervolaudo
1063 2294 1244 2359 transimus
1256 2317 1265 2373 ;
1299 2315 1374 2380 quae
1404 2300 1486 2360 tunc

429 2416 503 2458 oum
529 2394 595 2475 illo,
619 2394 660 2459 ad
684 2414 760 2459 suos
781 2400 958 2471 remeante,
988 2395 1153 2461 laborioso
1183 2402 1367 2462 commeatu
1394 2420 1486 2484 pera-

428 2498 554 2582 grando
578 2503 612 2563 et
631 2497 824 2584 remigando
840 2497 1063 2563 transivimus.
1111 2498 1230 2584 Exigit
1245 2520 1374 2584 quoque
1390 2500 1485 2578 ratio,

428 2606 468 2665 ut
483 2600 624 2685 qualiter
645 2600 715 2686 ipse
738 2621 758 2664 a
773 2600 942 2665 mundana
964 2600 1130 2666 varietate
1146 2601 1188 2665 ad
1212 2601 1354 2665 coelestis
1369 2603 1486 2687 patriae

429 2702 661 2768 invariabilem
685 2702 883 2788 migraverit
908 2702 1096 2780 stationem,
1114 2702 1187 2786 jam
1210 2724 1298 2768 nunc
1321 2702 1486 2769 succincte

428 2806 619 2892 pandamus.
681 2805 886 2886 Omittimus,
924 2810 964 2870 ut
1000 2805 1176 2870 innumera
1212 2809 1380 2870 taceamus
1411 2828 1486 2891 quae

428 2908 547 2972 referre
570 2928 669 2992 quam
692 2907 845 2972 omittere
877 2908 1035 2973 studiosis
1064 2907 1244 2993 expediret,
1268 2929 1342 2994 quae
1372 2912 1486 2975 tamen

428 3010 613 3075 omittimus
636 3032 678 3074 ne
701 3010 879 3075 fastidiosis
901 3010 1039 3075 taedium
1062 3032 1319 3097 exaggeremus3

475 3112 678 3190 Omittimus,
716 3113 863 3197 inquam,
903 3112 1109 3193 Cluuianum,
1147 3119 1182 3179 et
1223 3136 1322 3198 quam
1365 3113 1484 3180 devote
1499 3130 1602 3196 clugni.

427 3214 537 3280 locum
570 3215 802 3280 modernarum
834 3214 1030 3302 religionum
1065 3214 1193 3280 fontem
1225 3215 1354 3295 adierit,
1386 3238 1485 3301 quam

426 3314 712 3382 reverentissime¹
745 3339 765 3381 a
790 3323 890 3382 tanta
912 3316 1000 3382 illius
1024 3321 1148 3383 sanetae
1171 3317 1398 3383 multitudinis
1422 3318 1485 3383 fre-

427 3420 564 3505 quentia
594 3426 749 3506 exceptus
788 3419 839 3496 sit,
871 3426 998 3507 quanta
1036 3422 1183 3507 ejusdem
1221 3421 1485 3508 congregationis

425 3522 588 3587 instantia
617 3522 729 3586 triduo
763 3544 874 3587 secum
905 3523 1036 3599 morari,
1067 3529 1101 3588 et
1123 3524 1211 3588 vires
1242 3528 1318 3608 post
1339 3523 1485 3589 laborem

427 3625 473 3689 sit
510 3626 697 3711 compulsus
733 3638 904 3692 resumere.
962 3625 1066 3711 Cujus
1103 3625 1167 3691 loci
1204 3626 1410 3713 disciplinam
1447 3627 1485 3691 in
1497 3638 1611 3720 Hugflh’s·

426 3727 532 3806 choro,
556 3728 591 3792 iu
615 3727 764 3805 claustro,
796 3729 832 3792 in
867 3728 1049 3808 refectorio,
1073 3728 1162 3793 inter
1193 3750 1249 3794 eos
1278 3728 1485 3794 familiariter
1497 3708 1646 3823 ffiffl‘s'n

427 3831 607 3909 diversans,
646 3831 760 3895 russas
799 3832 974 3908 celebrans,
1013 3837 1048 3897 et
1078 3853 1153 3897 cum
1177 3832 1223 3897 eis
1253 3832 1379 3918 pariter
1408 3855 1483 3898 con·
1497 3840 1589 3903 eipline

426 3955 570 4013 vescens,
594 3955 668 3998 cum
692 3933 822 4019 plenius
836 3933 1037 3999 attendisset
1057 3956 1095 3999 ae
1118 3934 1297 4020 plurimum
1321 3956 1485 3999 commen·
1498 3907 1576 3957 there.

429 4038 549 4114 dasset,
573 4036 618 4102 sic
639 4037 770 4102 demum
793 4038 865 4103 ait:
892 4035 1018 4115 “Vere,
1041 4037 1070 4101 si
1091 4037 1199 4100 locum
1221 4036 1310 4100 hunc
1324 4040 1365 4100 ut
1387 4036 1485 4102 modo

425 4146 444 4175 “
468 4139 692 4225 pervidissem,
731 4161 806 4205 cum
853 4139 994 4204 necdum
1039 4138 1228 4205 Cantusiam
1274 4138 1486 4218 adamassem,

426 4251 446 4277 “
470 4263 567 4306 suum
590 4263 643 4307 me
667 4241 845 4308 Cluniaeus
868 4242 1066 4307 monachum
1089 4239 1245 4306 fecisset.’'

474 4343 642 4422 Quiddam
672 4345 761 4409 inter
792 4349 910 4409 oaetera
936 4344 1061 4409 ibidem
1085 4343 1223 4429 speciale
1246 4344 1335 4410 vidit
1358 4350 1393 4411 et
1414 4345 1486 4410 lau·
1500 4362 1623 4477 singular

426 4446 542 4526 davit3
564 4447 653 4533 quod
667 4447 787 4512 idcirco
810 4446 864 4512 vel
887 4446 1035 4512 breviter
1056 4446 1187 4534 paginae
1208 4447 1391 4527 inserimus,
1407 4449 1486 4534 quia
1500 4431 1653 4544 &affingo

427 4572 449 4613 a
487 4548 584 4613 beato
624 4549 805 4614 Benedicto
843 4548 1039 4614 institutum
1083 4549 1126 4613 ab
1172 4551 1325 4616 omuibus
1363 4550 1485 4634 ubique
1499 4536 1659 4643 oraruleof

426 4654 575 4717 iocorum
610 4652 778 4717 monachis
808 4652 995 4738 neglectum
1020 4653 1189 4731 miramur,
1213 4657 1248 4717 et
1280 4654 1373 4738 (quasi
1403 4653 1485 4716 obli·
1499 4627 1648 4748 {ite'tssffi'ffl

426 4754 519 4819 vioni
547 4754 718 4819 traditum.
765 4754 877 4841 Agens
901 4777 1042 4840 namque
1073 4755 1113 4819 de
1139 4755 1355 4842 suscipiendis
1377 4754 1486 4839 hospi·
1499 4761 1626 4823 receptior

428 4858 521 4923 tibus
536 4858 570 4921 in
586 4858 701 4945 regula
723 4880 791 4936 sua,
811 4858 1020 4923 beatissimus
1043 4858 1242 4924 Benedictus
1265 4858 1353 4921 inter
1368 4860 1486 4920 caetera
1499 4826 1630 4889 ΨΜ·

642 5138 648 5167 ¹
662 5136 865 5203 reverentiscime]
886 5136 920 5186 So
929 5136 1007 5197 l‘oz.;
1025 5133 1279 5188 remotissimam.

1284 5230 1308 5276 x
1334 5216 1353 5275 2
