4125 6334
786 1148 888 1196 mann
911 1148 943 1211 v,
968 1146 1145 1197 emirum
1422 1134 1489 1197 223

478 1318 642 1386 detulerit.
687 1319 732 1384 Et
757 1320 838 1407 quid
861 1320 997 1386 honoris
1020 1323 1087 1388 cito
1111 1327 1187 1408 post
1209 1321 1278 1388 haee
1300 1319 1371 1410 regi
1393 1321 1489 1387 retri-

481 1421 602 1486 butum
625 1445 645 1487 a
668 1422 811 1488 Domino
833 1421 943 1489 fuerit

435 1520 629 1610 Capitulum
652 1524 830 1591 VIL—De
852 1526 990 1592 factiosa
1005 1526 1224 1611 quorumdam
1246 1525 1490 1592 machinatione

481 1633 596 1694 contra
618 1629 808 1716 episcopum
833 1635 867 1695 et
890 1630 961 1715 ejus
983 1628 1115 1695 clerum.
1163 1628 1214 1695 De
1237 1629 1344 1696 literis
1359 1628 1491 1716 iniquis

481 1732 815 1820 archiepiscopicum
842 1754 955 1797 eorum
985 1731 1097 1817 bajulo
1120 1732 1240 1821 spretis
1262 1733 1305 1798 ab
1333 1732 1490 1820 episeopo·

483 1833 528 1898 Et
551 1835 591 1899 de
613 1836 699 1923 regis
723 1835 953 1900 executoribus
968 1840 1073 1900 terrae
1096 1834 1167 1922 ejus
1189 1835 1346 1902 invadere
1360 1835 1403 1901 ad
1420 1835 1492 1921 jue·

460 1936 608 2003 sionem
629 1939 716 2026 regis
737 1938 1005 2004 formidantibus.
1446 1939 1449 1943 ’

437 2036 630 2125 Capitulum
652 2041 851 2108 VIII.—De
874 2041 1004 2107 duabus
1027 2041 1177 2123 feminis;
1200 2063 1339 2127 quarum
1354 2041 1492 2107 alteram

481 2165 502 2206 a
525 2143 714 2229 pythonico,
739 2144 879 2208 alteram
902 2143 945 2208 ab
969 2144 1132 2209 incubone
1156 2143 1278 2230 eripuit
1301 2144 1456 2210 daemone.

437 2243 629 2331 Capitulum
652 2244 812 2312 IX-De
825 2247 959 2312 homine
981 2246 1106 2312 furioso
1130 2269 1150 2326 a
1174 2247 1323 2313 daemone
1343 2246 1491 2313 liberato.

482 2347 527 2411 Et
548 2349 589 2414 de
612 2349 694 2414 furis
717 2349 888 2436 ereptione
911 2351 954 2415 ad
976 2350 1191 2436 suspendium
1217 2349 1398 2418 destinati1
1447 2350 1493 2415 Et

481 2450 623 2535 qualiter
643 2453 824 2518 baronibus
847 2452 1007 2519 Scacearii
1031 2453 1132 2540 Hugo
1155 2454 1200 2519 sit
1223 2453 1359 2519 locutus.

437 2552 631 2640 Capitulum
651 2555 892 2636 X.-Qualiter
912 2555 1180 2621 transfretaverit
1199 2578 1309 2642 regem
1331 2555 1492 2621 aditurus.

483 2657 529 2721 Et
559 2659 599 2723 de
630 2659 851 2745 consolatione
875 2659 906 2724 ei
936 2681 995 2747 per
1016 2659 1180 2724 visionem
1203 2658 1367 2724 divinitus
1396 2658 1492 2723 facta.

482 2760 528 2825 Et
550 2762 692 2847 qualiter
711 2763 781 2850 regi
805 2762 970 2840 defuncto,
994 2761 1263 2827 dissuadentibus
1283 2762 1361 2839 suis,
1384 2782 1494 2827 occur·

481 2864 583 2929 rerit:
617 2864 710 2951 cujus
733 2866 833 2930 etiarn
857 2866 1036 2951 sepulturae
1059 2864 1220 2930 interfuit.

436 2965 632 3052 Capitulum
675 2968 736 3033 XI.
754 3006 798 3018 -
814 2966 986 3047 Quomodo
1032 2967 1213 3046 Johannes,
1259 2966 1493 3052 connominatus

482 3079 500 3104 “
524 3070 603 3136 Sine
625 3070 741 3148 terra,’'
763 3071 800 3136 in
826 3071 933 3137 locum
956 3071 1052 3136 fratis
1074 3072 1127 3136 sui
1152 3071 1238 3158 regie
1263 3070 1396 3136 Ricardi
1421 3092 1493 3135 sue·

484 3174 609 3252 cedens,
632 3174 717 3240 cirea
730 3174 949 3261 primordium
972 3174 1177 3261 principatus
1196 3174 1248 3239 sui
1270 3196 1304 3239 se
1327 3173 1489 3250 habuerit

484 3276 554 3340 sive
570 3299 634 3361 quo
649 3277 692 3342 ad
714 3277 935 3343 reverentiam
951 3277 1104 3365 episcopi,
1119 3299 1176 3342 seu
1199 3276 1322 3363 quoad
1343 3276 1491 3342 notabile

482 3379 680 3466 praesagium
705 3381 763 3445 sui

438 3479 634 3568 Capitulum
675 3481 974 3562 XIL-Quomodo
1004 3483 1093 3569 apud
1126 3482 1239 3548 vicum
1268 3481 1326 3568 qui
1356 3480 1491 3547 Fleeche

484 3584 614 3662 dicitur,
630 3584 745 3649 missas
769 3585 950 3651 solenniter
975 3585 1177 3664 celebrando,
1193 3585 1386 3650 violentiam
1408 3607 1492 3672 prae·

484 3686 609 3752 donum
624 3708 726 3772 equos
748 3687 977 3775 diripientium
1000 3694 1036 3753 et
1056 3688 1234 3753 sarcinulas
1257 3710 1390 3754 suorum
1415 3710 1490 3754 eva-

483 3791 573 3856 serit.
620 3791 808 3876 Itidemque
832 3790 1062 3870 Cenomannis‚
1085 3792 1225 3879 hymnos
1251 3794 1491 3858 matutinarum

485 3894 686 3979 protractius
721 3893 897 3971 cantando,
930 3900 1131 3959 armatorum
1157 3894 1293 3959 insidias
1326 3892 1491 3960 illuserit.2

485 3995 531 4061 Et
554 3996 697 4073 demum,
720 4018 795 4061 cum
822 3996 944 4084 gaudio
967 3997 1168 4083 triumphali,
1192 3997 1234 4061 ad
1261 4019 1337 4063 suos
1359 3998 1396 4062 in
1422 3999 1491 4061 An-

485 4099 586 4186 gliam
608 4099 751 4165 redierit.

440 4202 633 4288 Capitulum
657 4201 1012 4282 X111.-Qu0dann0
1034 4200 1195 4287 sequenti,
1218 4222 1296 4288 pace
1315 4201 1493 4268 reformata

485 4305 572 4370 inter
587 4326 687 4392 reges,
702 4303 726 4370 J
727 4306 892 4371 ohannem
907 4305 1030 4371 scilicet
1045 4305 1231 4391 Anglorum
1251 4310 1286 4371 et
1301 4304 1490 4394 Philippum
1606 4317 1608 4322 ’

485 4407 695 4487 Francorum,
731 4408 918 4474 Certusiam
949 4408 1041 4474 adire
1075 4408 1217 4495 coeperit.
1280 4408 1325 4475 Et
1359 4410 1489 4477 itineris

484 4510 572 4575 illius
593 4510 775 4577 incidentia
804 4533 972 4599 usquequo
1002 4512 1229 4600 perveniretur
1262 4512 1305 4578 ad
1335 4520 1486 4580 sanctum

486 4613 683 4680 Antonium.
936 4691 938 4696 ,

439 4715 632 4803 Capitulum
664 4717 882 4785 XIIII.—De
913 4717 1060 4785 adventu
1093 4718 1183 4784 illius
1216 4723 1317 4807 atque
1351 4723 1482 4806 receptu

483 4823 571 4908 apud
611 4821 882 4911 Gratianopolim,
920 4821 1117 4904 Cartusiam,
1163 4823 1333 4903 Belesium
1386 4829 1486 4909 atque

477 5035 624 5103 *bremen
666 5036 789 5087 destinmo
821 5037 849 5086 in
884 5036 943 5089 MS.
1023 5035 1160 5108 ²illaserit]
1179 5038 1214 5089 So
1225 5038 1281 5090 MS.
1292 5038 1369 5098 hem
1387 5038 1490 5089 eluserit

439 5116 904 5182 heraandathesdofesp.9insrn
991 5118 1325 5183 sthcadoscwdssinsm.
