4125 6334
826 1171 932 1221 urana
954 1171 1004 1235 ιι,
1029 1168 1100 1222 car.
1116 1169 1187 1223 ιιι.
1457 1163 1521 1227 219

470 1343 589 1420 osculo,
614 1342 676 1407 sub
700 1343 753 1408 his
776 1342 896 1421 verbis,
920 1366 994 1431 quae
1024 1346 1191 1432 frequenti
1221 1366 1325 1412 usus
1354 1348 1437 1413 ceris
1459 1347 1527 1412 suis

473 1446 675 1511 discessurus
707 1446 903 1533 proferebat,
934 1447 977 1512 ab
1016 1448 1063 1513 eis
1096 1448 1250 1514 recessit:
1288 1447 1441 1527 “Nune''
1473 1450 1654 1513 in·Aet.xx·

473 1550 597 1634 quiens,
632 1550 854 1616 “commendo
884 1571 944 1615 vos
980 1549 1053 1617 Deo
1083 1554 1117 1616 et
1148 1551 1250 1616 verbo
1284 1551 1401 1639 gratiae
1431 1530 1578 1637 ejus.''³²'

473 1653 562 1719 Hinc
593 1653 637 1718 ad
670 1653 853 1719 diversoria
887 1653 1029 1719 fratrum
1064 1653 1232 1734 laicorum,
1268 1654 1326 1720 ubi
1358 1575 1465 1721 clerici
1493 1660 1683 1721 etuuehousc

473 1757 653 1821 servientes
687 1756 738 1821 sui
769 1756 1032 1835 commanebant,
1061 1756 1108 1822 ibi
1140 1779 1237 1823 mane
1268 1757 1447 1823 crastinum
1469 1779 1525 1823 ex·
1537 1738 1671 1857 mal

471 1863 671 1944 pectaturus,
694 1860 838 1926 accessit
894 1858 977 1939 Quo,
1000 1865 1077 1947 post
1098 1861 1251 1947 quietem,
1275 1860 1318 1925 ad
1350 1860 1523 1926 solvendas

471 1968 646 2028 nocturnas
668 1962 739 2028 Dec
762 1961 879 2027 laudes
901 1962 1095 2027 ecclesiam
1085 1983 1240 2049 mgresso‚
1263 1984 1322 2049 per
1336 1964 1460 2029 vitreas
1483 1963 1526 2028 ab
1539 1970 1619 2021 Their

471 2064 609 2129 occidua
632 2065 768 2130 oratorii
799 2070 894 2152 parte
925 2065 1087 2129 fenestras
1119 2063 1231 2151 fulgor
1262 2064 1374 2130 subito
1402 2066 1526 2131 nimius
1539 2038 1642 2099 ehumh,

470 2166 594 2247 illuxit,
621 2167 670 2232 ita
691 2172 731 2232 ut
755 2166 832 2231 solis
861 2165 962 2253 jubar
984 2166 1099 2231 eadem
1121 2166 1292 2232 videretur
1314 2168 1447 2234 claritas
1469 2191 1525 2233 ex·
1538 2112 1684 2236 iiiiii*

471 2269 609 2334 cessisse
666 2269 767 2334 Unde
800 2270 939 2335 attoniti
974 2269 1119 2355 quidam,
1152 2270 1208 2355 qui
1243 2269 1352 2335 valvis
1383 2239 1666 2371 θοοιειὶωξζξῗὲῗξὲ,

471 2372 606 2458 propius
628 2367 814 2449 astiterant,
844 2372 964 2437 festine
993 2378 1194 2459 erumpunt;
1217 2378 1423 2459 cernuntque
1444 2374 1525 2439 culi·
1538 2388 1607 2433 near
1616 2382 1641 2423 at
1649 2373 1692 2423 the

471 2495 558 2552 nam,
582 2497 657 2560 quse
679 2476 840 2562 proximis
861 2475 1007 2561 undique
1034 2475 1187 2540 domibus
1212 2498 1296 2562 pene
1320 2476 1430 2542 fuerat
1451 2499 1526 2542 con-
1539 2441 1686 2594 ffiffi

473 2578 575 2693 tigne,
599 2579 757 2665 porrectis
789 2578 930 2664 longe
920 2600 956 2641 ιιι
987 2598 1065 2642 aera
1096 2578 1248 2659 flammis,
1273 2579 1380 2643 exuri.
1428 2579 1526 2659 Quod
1540 2600 1586 2648 ac.
1647 2547 1660 2582 e

471 2680 641 2767 episcopus
663 2701 842 2767 agnoscens
865 2678 1080 2745 vehementer
1095 2680 1242 2766 expavit,
1266 2685 1418 2746 metuens
1441 2681 1526 2746 scili·

473 2788 525 2848 cet
548 2806 590 2848 ne
606 2784 642 2848 in
665 2784 817 2870 proxima
839 2784 924 2848 forte
945 2782 1085 2848 aedificia
1104 2782 1192 2847 edax
1214 2782 1402 2848 incendium
1426 2783 1526 2849 desae-

471 2886 566 2951 viret.
613 2887 683 2951 Nec
707 2887 796 2952 enim
818 2907 910 2951 secus
932 2884 1084 2951 futurum
1107 2885 1192 2951 situs
1215 2889 1251 2951 et
1273 2889 1382 2951 status
1405 2886 1525 2952 aedium

474 2990 725 3075 circumquaque
756 2986 1022 3054 imminentium¹
1049 2988 1204 3075 cuiquam
1234 2989 1384 3055 dictabat
1406 3012 1527 3076 praesu·

473 3092 638 3157 mendum.
696 3092 773 3178 Ipsa
802 3114 881 3156 vcro
920 3091 1067 3172 aedicula,
1103 3092 1272 3157 occasione
1310 3092 1525 3158 servientium

474 3215 602 3290 necnon
624 3198 658 3259 et
672 3194 841 3281 hospitum
863 3193 1016 3281 episcopi,
1030 3197 1071 3259 ut
1091 3215 1204 3259 eorum
1219 3194 1335 3260 usibus
1356 3195 1527 3283 pulmenta

474 3275 714 3383 coquerentur
705 3320 742 3361 ιιι
764 3297 935 3375 caluerat
950 3302 1158 3362 constructa·
1152 3301 1318 3383 ‚eratque
1333 3320 1374 3363 ex
1389 3297 1527 3385 virgulis

474 3424 513 3466 ac
528 3400 682 3487 virgultis
706 3400 813 3466 vicem
835 3400 1001 3486 particum
942 3349 1254 3486 umsuppleritibus
1279 3405 1444 3479 contexta,
1465 3402 1525 3466 sti·

473 3504 552 3590 pula
566 3503 634 3568 levi
654 3503 814 3568 culmen
805 3503 908 3589 ipsius
923 3507 1065 3589 tegente.
1112 3501 1194 3582 Quae
1217 3504 1259 3568 ab
1275 3504 1351 3568 aula
1371 3503 1570 3620 hospitalihu
1539 3503 1594 3553 The
1605 3509 1678 3568 guest

473 3629 532 3671 sex
569 3611 629 3671 aut
667 3611 792 3691 septem
830 3606 891 3669 vix
928 3605 1051 3691 pedum
1083 3605 1191 3691 spatio
1221 3605 1400 3692 disparata,
1437 3570 1590 3671 tectohall

473 3710 585 3796 ipsius,
609 3707 697 3794 quod
718 3729 761 3771 ex
776 3706 876 3771 aridis
899 3712 969 3771 erat
992 3707 1151 3772 scindulis
1173 3707 1366 3786 confectum,
1391 3730 1526 3795 sprox-

473 3813 540 3876 imo
555 3809 760 3875 imminebat.
806 3809 943 3875 Cellulae
966 3814 1129 3895 praeterea
1151 3810 1278 3896 ligneae,
1294 3832 1526 3877 conversorum
1540 3817 1667 3868 Thecells

475 3914 589 3979 usibus
613 3913 789 3999 deputatae,
813 3910 902 3975 haud
931 3910 1086 3997 procul
1077 3932 1113 3973 ιιι
1144 3933 1266 4027 gynum
1297 3935 1376 3977 eran
1377 3918 1393 3977 t
1418 3915 1526 4001 dispo.
1492 3884 1672 4002 ψζξθῑὼθῐέἓι

473 4017 554 4082 sitae.
603 4015 674 4101 Ipsi
706 4012 922 4077 nihilominus
955 4012 1098 4077 ecclesiae
1121 4013 1264 4077 vicinius
1294 4016 1428 4092 astanti,
1451 4038 1524 4081 cum
1596 4036 1635 4082 es.

475 4117 716 4204 circumpositis
738 4116 886 4200 undique
909 4113 1054 4191 officinis,
1074 4113 1260 4200 justissime
1282 4117 1470 4183 timebatur.

521 4220 665 4285 Cernens
687 4219 801 4304 itaque
829 4218 882 4281 vir
911 4215 1072 4302 providus
1101 4216 1153 4280 his
1180 4218 1333 4283 omnibus
1356 4221 1407 4284 sui
1430 4242 1528 4286 causa

475 4322 680 4398 inevitabile,
703 4321 740 4385 ni
770 4320 885 4384 divina
909 4324 1060 4383 arceatur
1082 4318 1217 4397 virtute,
1240 4320 1413 4387 imminere
1443 4326 1527 4410 peri-

477 4427 598 4502 eulum,
620 4425 732 4490 animo
762 4419 959 4509 parumper⁹
993 4426 1231 4500 consternatus,
1261 4424 1318 4488 sed
1348 4425 1527 4511 plurimum

477 4531 518 4595 de
535 4527 718 4594 Salvatoris
740 4526 892 4592 bonitate
915 4523 1066 4605 confisus,
1082 4517 1259 4591 salutiferae
1277 4528 1380 4592 crucis
1395 4529 1526 4617 signum

477 4638 591 4698 contra
613 4632 725 4718 ignem
749 4628 925 4714 aliquoties
948 4627 1061 4692 edidit.
1108 4627 1341 4694 intermittens
1357 4653 1436 4696 vero
1456 4654 1528 4697 cur-

476 4759 549 4800 sum
572 4733 774 4799 nocturnalis
799 4730 905 4808 officii,
921 4731 1010 4817 quod
1033 4752 1076 4795 ex
1099 4737 1193 4817 parte
1212 4732 1283 4817 jam
1306 4734 1527 4811 inchoaverat,

476 4845 553 4904 ante
591 4859 681 4901 aram
726 4834 934 4900 Donrinicam
979 4856 1049 4898 sese
1085 4835 1235 4921 protinus
1272 4835 1308 4899 in
1346 4836 1524 4901 orationem

497 4988 614 4997 ‘-
1127 4983 1242 4990 --—--
1243 4982 1320 4989 -—--
1322 4982 1446 4990 ——...

510 5063 715 5129 ¹r'aum'ueaa'aru]
747 5061 782 5113 So
810 5060 890 5121 Pez.;
918 5060 979 5110 emi·

999 5062 1007 5197 p
1058 5061 1225 5128 ’paramped
1256 5060 1291 5112 so
1314 5060 1397 5121 Pez.;
1425 5062 1526 5126 pariter,

479 5146 602 5209 nentina,
613 5143 671 5196 MS.
1025 5139 1085 5195 ΜΒ.
