4125 6334
586 1113 652 1176 232
809 1125 890 1174 vrrx
913 1126 938 1173 s.
960 1124 1117 1173 suemus
1141 1124 1411 1173 nruconrmrsm.

418 1324 451 1357 on
463 1307 506 1357 the
513 1324 574 1373 very
587 1322 661 1363 rum
684 1299 753 1362 sive
771 1299 931 1363 abbatum
952 1297 1022 1382 ejus
1038 1296 1225 1362 crederetur
1239 1295 1395 1380 exequias
1410 1296 1647 1364 celebraturus
1744 1311 1748 1319 '

417 1375 558 1505 bihoiityhe
588 1403 695 1466 Nemo
717 1402 805 1467 enim
837 1400 1032 1479 vicinorum,
1056 1406 1116 1465 aut
1151 1398 1374 1479 familiarium,
1399 1420 1457 1463 seu
1492 1422 1648 1466 carorum

418 1507 539 1584 at‘West-
587 1504 637 1568 illi
658 1504 824 1591 quondam
847 1504 1070 1590 praelatorum,
1094 1502 1205 1568 deesse
1235 1502 1370 1566 volebat
1393 1501 1466 1565 sive
1498 1502 1649 1569 audebat

418 1581 528 1625 minster.
586 1607 713 1672 solenni
735 1607 923 1681 conventui,
950 1608 1007 1691 qui
1031 1605 1085 1670 die
1107 1605 1287 1692 sepulturae
1308 1603 1398 1668 illius
1420 1604 1512 1690 apud
1535 1605 1647 1671 West-

585 1710 820 1774 monasterium
845 1709 961 1774 debuit
983 1708 1132 1773 adunari
1180 1706 1277 1787 Quod
1299 1707 1469 1793 episcopus
1496 1709 1646 1788 audiens,

585 1819 602 1846 “
626 1812 722 1876 Nolit
745 1811 862 1889 Deus,''
886 1810 1006 1896 inquit,
1035 1817 1053 1845 “
1069 1810 1156 1895 quod
1191 1808 1271 1873 talis
1293 1830 1442 1894 persona,
1468 1815 1523 1874 tot
1546 1811 1647 1877 modo

586 1921 603 1948 “
626 1915 662 1977 in
684 1915 745 1979 bac
776 1914 901 2001 pariter
923 1914 1005 1978 urbe
1028 1911 1286 1977 consistentibus
1316 1911 1473 1997 praelatis,
1510 1912 1548 1977 iu
1583 1913 1647 1980 hac

587 2023 604 2050 “
627 2038 780 2102 suprema
824 2016 1021 2081 necessitate
1060 2015 1231 2080 deseratur
1261 2013 1303 2077 ab
1338 2013 1492 2078 omnibus
1539 2016 1646 2081 nobis

587 2128 603 2153 “
627 2119 706 2183 Non
720 2119 770 2183 ita
792 2119 951 2183 faciemus
973 2118 1123 2203 proximo
1139 2122 1271 2181 nostro:
1296 2138 1357 2181 nec
1379 2118 1468 2181 enim
1491 2117 1557 2182 sibi
1584 2117 1648 2184 hoc

418 2208 548 2326 {mbo
587 2230 604 2256 “
628 2221 702 2306 quis
717 2222 789 2285 fieri
803 2221 904 2285 vellet
924 2220 968 2285 ab
984 2219 1075 2284 ali0.''
1122 2219 1294 2305 Disposito
1308 2220 1414 2306 igitur
1428 2224 1467 2285 ut
1483 2220 1647 2305 quosdam

417 2340 466 2391 las
478 2360 538 2408 goa
588 2346 629 2388 ex
652 2324 720 2386 suis
751 2322 901 2387 mitteret
935 2322 979 2387 ad
1010 2322 1145 2400 curiam,
1169 2322 1227 2407 qui
1254 2327 1288 2386 et
1311 2344 1403 2386 suam
1426 2322 1565 2388 interim
1594 2324 1647 2389 ibi

418 2412 569 2528 {flelfflfrffi
589 2431 784 2490 excusarent
822 2425 1015 2501 absentiam,
1053 2446 1149 2489 mane
1179 2424 1267 2490 facto
1297 2424 1444 2511 perrexit
1476 2425 1519 2490 ad
1551 2427 1647 2491 exhi-

418 2545 555 2609 obequies.
588 2529 729 2593 bendani
753 2527 906 2592 delimato
929 2527 1141 2613 sepulturam.

633 2630 703 2696 Ubi
735 2630 787 2695 die
818 2630 890 2716 ipsa
919 2629 947 2694 si
978 2653 1017 2693 ea
1050 2652 1124 2716 quae
1153 2630 1239 2709 visu,
1264 2630 1292 2694 si
1315 2652 1390 2715 quae
1413 2630 1539 2696 olfactu
1563 2631 1648 2696 hau-

587 2734 697 2810 simus,
723 2733 760 2796 in
783 2732 928 2797 medium
953 2733 1164 2818 proferamus,
1179 2732 1348 2797 horrorem
1371 2754 1450 2798 saue
1473 2741 1509 2800 et
1531 2740 1649 2821 stupo-

586 2858 655 2900 rem
678 2836 889 2900 audientibus
919 2835 1107 2901 inferemus.
1153 2835 1196 2899 In
1228 2857 1288 2899 nos
1319 2835 1421 2900 etiam
1451 2836 1646 2921 aliquorum

587 2940 672 3003 forte
695 2937 881 3024 indignatio
904 2937 1136 3014 concitabitur,
1163 2943 1381 3003 asserentium
1407 2939 1533 3004 seilicet
1557 2942 1649 3025 quod

511 3079 517 3090 ·
588 3040 769 3105 inhumane
803 3039 905 3103 cladis
937 3039 1100 3115 humanae,
1125 3042 1286 3125 sortisque
1320 3041 1527 3107 moribundae
1558 3065 1648 3108 corn·

585 3164 719 3206 munem
741 3163 922 3206 aerumnam
955 3163 1055 3227 quarn
1078 3142 1126 3207 ibi
1150 3144 1388 3228 conspeximus,
1418 3144 1561 3230 publicis
1584 3169 1647 3210 au-

584 3246 677 3310 ribus
721 3244 918 3332 ingeramus.
981 3246 1157 3322 Caeterum,
1196 3247 1274 3330 quia
1311 3268 1353 3311 ex
1390 3247 1443 3311 his
1484 3255 1648 3334 susceptae

585 3349 754 3414 relationis
787 3349 895 3434 portio
925 3370 1047 3433 magna
1079 3348 1254 3433 dependet,
1279 3356 1491 3435 nostramque
1523 3350 1561 3414 in
1591 3352 1648 3418 his

585 3453 696 3538 potius
718 3451 877 3515 deflemus
895 3450 1188 3535 miserian1‚quam
1211 3451 1329 3517 alienae
1345 3452 1536 3533 calamitati,
1554 3457 1647 3539 quod

586 3555 675 3617 Deus
713 3557 854 3627 avertat,
891 3552 1100 3636 aliquatenus
1149 3554 1357 3632 insultamus,
1397 3555 1554 3619 audiatur
1597 3559 1644 3622 ad

585 3655 733 3719 omnium
752 3653 934 3718 utilitatem
951 3655 1038 3739 quod
1054 3655 1198 3720 dicimus
1246 3657 1299 3721 Sit
1314 3663 1432 3722 notum
1448 3659 1645 3725 viventibus

585 3758 627 3820 ad
650 3755 849 3821 humilitatis
872 3756 1063 3842 profectum,
1088 3760 1176 3842 quod
1199 3760 1348 3824 innotuit
1371 3761 1407 3823 in
1431 3760 1584 3827 defuneto
1601 3766 1646 3829 ad

585 3858 728 3923 horroris
743 3860 912 3923 cumulum
927 3885 934 3939 ;
959 3860 1004 3924 sit
1020 3861 1216 3947 quandoque
1234 3864 1349 3948 [etiam
1365 3864 1618 3952 extinguendis]
1635 3866 1644 3903 ¹

585 3963 628 4027 ad
659 3962 796 4027 virtutis
830 3962 1085 4043 aemulationem,
1125 3964 1160 4027 id
1194 3964 1295 4028 etiarn
1318 3966 1407 4050 quod
1429 3967 1526 4030 rivus
1558 3969 1647 4035 eirca

608 4066 785 4143 eiunctum,
802 4066 854 4131 cui
870 4067 1071 4152 propitietur
1095 4066 1193 4142 Deus,
1210 4068 1254 4131 ad
1267 4067 1473 4134 intuentium
1489 4070 1648 4139 exhibuit

587 4175 763 4254 stuporem.

632 4272 750 4334 Visum
766 4273 817 4334 est
839 4269 943 4357 igitur
960 4271 1074 4356 jacens
1097 4272 1133 4336 in
1148 4270 1267 4337 feretro
1291 4274 1430 4339 cadaver
1445 4273 1646 4356 extinctum,

417 4362 574 4480 33¹?an-
588 4395 676 4438 more
701 4372 833 4458 quidem
857 4375 1074 4459 quorumdam
1104 4374 1316 4461 praelatorum
1338 4378 1436 4443 vultu
1466 4379 1645 4460 nudatum,

417 4447 644 4549 ,raalaiiofsed
674 4498 770 4562 super
808 4477 981 4542 carbonem
1020 4477 1239 4564 denigratum.
1285 4480 1368 4544 Erat
1406 4502 1483 4545 sane
1521 4502 1645 4568 comus

416 4564 564 4630 theeorpse.
586 4580 750 4665 reliquum
777 4579 852 4644 alba
879 4581 1072 4645 sacerdotali
1093 4581 1150 4646 sed
1178 4586 1212 4645 et
1239 4581 1347 4646 casula
1373 4583 1548 4663 indutum3
1576 4588 1647 4665 sed,

585 4764 635 4812 aud
654 4755 697 4813 the
709 4764 838 4828 springus
855 4770 926 4814 1200.
961 4765 1027 4813 Now
1047 4766 1090 4816 the
1136 4765 1201 4816 This
1221 4769 1298 4816 abhot
1319 4769 1350 4817 of
1364 4769 1496 4828 l'ershore,
1517 4768 1537 4817 it
1560 4766 1648 4824 seeum

588 4844 746 4894 Winchester
756 4844 856 4893 Annals
868 4860 921 4909 say,
930 4846 1010 4893 under
1019 4844 1088 4894 Ab.
1136 4862 1197 4910 very
1207 4848 1390 4911 probahlawas
1400 4848 1441 4896 the
1451 4849 1546 4911 prelatc
1556 4851 1649 4904 whose

589 4929 597 4971 l
607 4929 660 4984 198,
671 4924 769 4975 “Obiit
788 4924 885 4982 Simon,
896 4924 974 4973 abbas
985 4925 1016 4973 de
1028 4925 1089 4976 Per·
1135 4927 1232 4975 funeral
1244 4926 1266 4975 is
1279 4927 1338 4976 herc
1349 4927 1488 4976 described.

586 5010 600 5029 ¹¹
613 5019 677 5064 sora,
708 5005 775 5067 apud
796 5002 1026 5064 Bennundeseiam,
1054 5005 1088 5053 iv.
1168 5007 1260 5055 ¹rb'um
1272 5007 1452 5072 ealirrpacruh‘a]
1467 5007 1519 5057 Not
1530 5007 1558 5057 in
1570 5009 1647 5073 MS.;

585 5087 599 5107 ‘⁶
613 5080 894 5147 lunariter-Anaua
905 5081 1021 5145 Sacrai.
1030 5089 1088 5135 303.
1134 5088 1216 5135 added
1228 5086 1294 5135 from
1305 5087 1365 5137 Pez.
