4125 6334
595 1094 661 1158 188
816 1106 899 1158 vrrs
921 1108 948 1160 s
970 1106 1129 1158 soeoms
1151 1105 1422 1159 macomariam

424 1296 474 1346 Ex,
486 1296 560 1347 xxiii.
592 1279 783 1369 gislatoris:
817 1281 986 1347 “Munera
1023 1285 1192 1348 excaecant
1228 1279 1339 1348 oculos
1376 1282 1574 1369 sapientum,
1612 1289 1649 1351 et

424 1369 498 1481 {m
510 1430 564 1482 xvi.
593 1381 834 1450 “subvertunt
866 1383 968 1452 verbe
993 1381 1193 1470 justorum.''
1249 1382 1402 1470 Itemque
1431 1385 1516 1451 illud
1547 1387 1650 1476 scrip·

426 1502 464 1547 rs.
592 1491 678 1552 turae
700 1486 836 1552 citerius
858 1487 927 1552 suis
950 1486 1064 1552 crebro
1086 1485 1279 1552 officialibus
1302 1487 1495 1575 ingerebat:
1520 1488 1649 1577 “Ignis

422 1603 578 1658 detraes.
592 1597 609 1623 “
633 1589 806 1654 devorabit
838 1588 1051 1655 tebemacida
1085 1610 1208 1666 eorum,
1241 1589 1300 1676 qui
1335 1611 1473 1658 munera
1502 1590 1650 1660 libenter

592 1699 611 1727 “
633 1689 829 1777 accipiunt.'’

635 1793 665 1857 E
688 1791 850 1860 contrario
877 1793 944 1859 illis
970 1793 1160 1880 frequenter
1180 1795 1411 1873 asserentibus,
1425 1795 1500 1882 plus
1522 1801 1650 1863 terrere
1742 1785 1747 1793 ⁸

590 1897 757 1983 improbos
790 1897 938 1984 pecuniae
969 1897 1136 1974 damnum,
1170 1918 1269 1984 quam
1298 1897 1650 1966 excommunicationis

590 2001 756 2087 probrum,
783 2000 966 2066 autetiam
990 1999 1209 2087 corporalium
1234 1999 1444 2068 affiictionem
1469 2022 1648 2088 poenarum

589 2102 656 2168 illis
682 2102 950 2182 indicendarum
973 2102 1029 2168 ille
1053 2125 1071 2167 e
1094 2102 1224 2168 diverso
1247 2103 1423 2180 asserebat,
1437 2102 1473 2168 id
1497 2125 1567 2170 susc
1589 2125 1650 2172 ne·

590 2204 759 2292 gligentiae
782 2202 1020 2282 ascribendum,
1058 2204 1117 2290 qui
1145 2205 1314 2270 remissius
1337 2226 1372 2270 se
1408 2203 1572 2272 haberent
1609 2206 1648 2273 in

590 2307 803 2393 corripiendis
818 2309 853 2371 et
874 2306 1058 2372 districtius
1073 2307 1259 2373 coemendis
1280 2307 1348 2374 illis
1363 2308 1422 2394 qui
1436 2315 1648 2396 peccassent3

590 2430 650 2474 nec
674 2430 729 2474 eos
755 2412 826 2473 tam
858 2407 1005 2475 studiose
1029 2409 1211 2489 observare,
1236 2414 1276 2474 ut
1297 2409 1348 2474 illi
1378 2411 1566 2498 injunctam
1589 2435 1649 2478 ex-

589 2513 719 2599 plerent
742 2509 1006 2591 satisfactionem,
1031 2535 1131 2598 quam
1155 2511 1368 2579 observarent
1393 2519 1435 2581 ut
1457 2514 1522 2579 sibi
1547 2515 1647 2602 polli-

421 2629 535 2681 'rhedir-
589 2616 689 2680 citam
711 2619 942 2680 enumerarent
957 2614 1105 2701 pecuniae
1120 2615 1333 2681 taxationem.
1381 2614 1454 2680 Illis
1475 2616 1648 2684 interdum

420 2697 530 2828 {20¹2oe
541 2765 572 2814 or
588 2740 647 2805 pro
670 2739 704 2783 se
726 2717 868 2803 allegare
889 2716 1114 2796 studentibus,
1137 2737 1176 2782 ac
1199 2716 1386 2785 dicentibus
1415 2718 1648 2786 beatissimum
1673 2747 1678 2756 ·

421 2831 575 2882 seThoma
588 2820 866 2909 archiepiscopum
907 2827 941 2886 et
978 2825 1158 2906 martyrem
1197 2819 1356 2886 Thomam
1398 2820 1587 2908 hujusmodi
1625 2848 1649 2890 a

420 2897 576 3027 {sffiffid
589 2923 860 3009 delinquentibus
897 2924 1074 3010 sumpsisse
1108 2922 1258 3005 mulctas,
1295 2923 1352 2990 illc
1389 2924 1564 2990 confestim
1595 2948 1649 2992 re-

420 3001 522 3096 Husli’u
589 3026 791 3112 spondebat:
817 3023 985 3090 “Credite
1008 3023 1120 3105 mihi,'’
1134 3024 1254 3111 inquit,
1279 3031 1297 3059 “
1320 3047 1387 3091 non
1409 3025 1530 3092 ideirco
1551 3049 1647 3095 sanc-

420 3105 546 3217 mque
590 3134 608 3164 “
631 3133 687 3193 tus
712 3127 797 3207 fuit;
834 3126 900 3192 alia
929 3127 1018 3193 enim
1050 3126 1215 3194 virtutum
1247 3129 1369 3194 merita
1408 3135 1562 3196 sanetum
1585 3153 1646 3197 ex·

590 3240 607 3267 “
631 3229 819 3309 hibuemnt,
870 3229 934 3295 alio
983 3229 1107 3296 meruit
1153 3230 1255 3297 titulo
1294 3231 1438 3319 palmam
1475 3239 1647 3320 repostam

589 3340 607 3372 “
631 3333 811 3421 martyrii.’'

951 3590 1160 3656 Canauna
1183 3588 1282 3656 VIII.

590 3778 688 3863 Quod
719 3774 780 3861 jes
814 3779 1024 3861 paroecus
1060 3773 1104 3839 ie
1134 3776 1340 3842 czocosterio
1362 3775 1646 3849 Hecataeone,

678 3886 797 3947 ceretro
827 3878 946 3963 ipsam
967 3898 1078 3963 copem
1100 3878 1306 3963 Aspiciam,
1331 3876 1375 3945 c'a
1396 3879 1497 3946 eserie
1526 3880 1644 3969 ipsius

676 3984 785 4052 molto
808 3981 930 4048 sudore
953 3978 1148 4046 obstrepat.

466 4188 532 4236 551„
633 4154 714 4218 Viro
746 4152 858 4236 itaque
893 4154 1005 4214 sancto
1040 4146 1102 4211 hcc
1134 4146 1249 4212 ordine
1280 4148 1428 4229 liberato,
1452 4170 1489 4213 ac
1523 4148 1642 4237 laqueo

588 4254 784 4324 venantium
807 4260 892 4318 nutu
916 4250 979 4315 Dei
995 4248 1148 4330 contrito,
1164 4249 1293 4315 invidia
1314 4271 1550 4337 perversorum,
1565 4276 1642 4339 quoe

588 4364 756 4442 utcunque
778 4354 925 4440 superari
947 4353 1067 4439 potuit,
1083 4351 1247 4438 quiescere
1274 4375 1294 4417 a
1316 4354 1480 4419 consuetis
1503 4355 1642 4425 malitiae

421 4493 496 4544 lam
508 4493 535 4543 ii.
546 4497 568 4544 7.
588 4482 657 4526 suae
680 4456 808 4523 artibus
839 4454 988 4520 nescivit.
1036 4454 1162 4519 Iterum
1188 4477 1329 4540 namque
1351 4455 1416 4520 viri
1447 4456 1642 4543 simpliciter

588 4559 769 4651 gradientis
783 4557 920 4644 pedibus
943 4579 1047 4622 novas
1070 4558 1170 4622 struit
1184 4557 1323 4643 pedicas,
1346 4559 1467 4623 iterum
1491 4566 1641 4628 recentes

589 4666 726 4731 molItur
747 4660 891 4726 insidias
938 4660 1045 4723 Novis
1076 4659 1239 4745 siquidem
1270 4662 1434 4726 fraudium
1470 4663 1638 4742 cuniculis,

590 4769 633 4834 ad
656 4765 787 4853 antiqui
817 4762 903 4850 juris
938 4761 1080 4827 eeclesias
1103 4784 1171 4827 sure
1193 4762 1282 4828 haud
1305 4765 1377 4829 leve
1399 4765 1639 4851 praejudicium,

590 4877 726 4937 conatur
748 4861 941 4954 subrepere.¹

1251 5002 1266 5006 -κ
1307 5003 1317 5008 -
1327 5003 1630 5015 --——----——...-.

912 5076 918 5104 ¹
930 5071 1071 5139 subrepere]
1091 5075 1215 5139 surripere
1226 5073 1253 5122 in
1264 5073 1321 5125 IIS.
