4125 6334
535 1115 600 1182 3³8
758 1124 840 1173 vrrs
862 1125 886 1172 s
911 1122 1070 1172 succure
1093 1121 1364 1173 maccuumusrs

369 1319 511 1371 Ηιιοιοιι-
582 1298 665 1366 Haec
698 1298 832 1385 quidem
861 1298 1061 1384 loquebatur
1095 1297 1202 1364 cilicio
1239 1303 1273 1363 et
1302 1296 1420 1362 tunica
1454 1294 1605 1373 indutus

368 1386 665 1506 ffiff‘ifiwcuculln
699 1423 831 1488 quoque
861 1402 1110 1488 supervestitus
1167 1400 1233 1465 His
1265 1399 1457 1476 involucris,
1490 1397 1605 1485 potius

537 1527 637 1591 quam
659 1503 874 1581 indumentis,
897 1504 990 1569 nullo
1014 1502 1225 1590 aegritudinis
1252 1524 1321 1570 suae
1350 1505 1525 1566 momento
1553 1521 1606 1565 ca·

538 1608 616 1672 ruit.
661 1607 739 1671 Non
762 1606 860 1672 ardor
882 1607 992 1685 febris,
1018 1629 1087 1673 non
1113 1604 1257 1692 corporis
1278 1608 1395 1671 tantus
1417 1604 1528 1681 sudor,
1544 1602 1603 1668 uli-

371 1716 466 1767 Would
540 1708 620 1795 quid
643 1710 760 1774 horum
783 1709 814 1773 ei
837 1710 895 1775 det
880 1709 994 1775 traxit
1042 1708 1197 1775 cilicium
1212 1707 1265 1773 bis
1285 1713 1346 1773 aut
1360 1706 1463 1773 semel
1478 1705 1603 1772 mutari

373 1783 498 1899 {fflffiq
540 1811 605 1875 sibi
628 1812 689 1876 vix
711 1811 883 1899 permisit:
919 1812 1009 1897 quod
1040 1810 1160 1876 sudore
1190 1832 1229 1876 ac
1255 1810 1285 1875 ιι
1306 1809 1379 1875 luto
1402 1814 1602 1884 concretum,

373 1914 504 1965 hair-ahin
541 1918 575 1978 et
598 1914 695 1979 restis
718 1935 809 1979 more
833 1919 1034 1991 contortum,
1048 1911 1138 1979 inter
1161 1918 1278 1998 corpus
1300 1915 1335 1978 ιι
1358 1910 1507 1977 tunicam
1522 1909 1602 1996 ejus,

372 1983 497 2112 {imm
541 2036 584 2080 ex
598 2014 740 2081 laterum
755 2015 921 2101 frequenti
936 2016 1158 2092 conversione,
1172 2013 1371 2131 reperimus:
1397 2013 1488 2098 quod
1502 2012 1602 2077 etiam

541 2118 571 2182 ei
595 2122 704 2183 cutem
735 2118 914 2184 enormiter
944 2118 1106 2184 abrasisse
1132 2117 1242 2183 nescio
1269 2115 1388 2202 quot
1379 2137 1416 2179 ιιι
1443 2113 1525 2180 locis
1549 2113 1604 2178 de·

541 2219 782 2306 prehendimus
851 2220 897 2286 Et
934 2220 1014 2305 quia
1051 2220 1207 2286 novimus
1244 2219 1333 2307 apud
1373 2216 1603 2285 Gartnsienses

542 2320 722 2407 plurimum
749 2320 891 2386 infirmis
921 2321 1029 2388 cilicia
1058 2343 1101 2387 ex
1132 2320 1369 2387 consuetudine
1398 2317 1482 2397 tolli,
1515 2318 1605 2383 dice-

543 2424 661 2488 bamus
687 2423 738 2489 ei:
771 2432 789 2461 “
802 2425 953 2502 Domine,
980 2423 1122 2490 nimium
1153 2424 1248 2490 laedit
1278 2444 1337 2488 vos
1367 2427 1403 2487 et
1434 2420 1604 2487 exulcerat

544 2525 621 2589 “in
651 2525 817 2592 continuis
842 2526 1008 2611 jacentem
1035 2525 1211 2592 sudoribus
1236 2525 1369 2612 hispido
1389 2523 1494 2589 vestis
1525 2522 1605 2588 haec

545 2637 563 2664 “
587 2629 729 2715 Oportet
750 2649 811 2694 vos
833 2629 925 2693 illam
947 2650 1078 2705 exuere,
1102 2631 1137 2693 et
1162 2649 1211 2709 ea,
1230 2627 1332 2712 juxta
1362 2646 1489 2692 morem
1516 2624 1605 2690 ordi-

548 2737 566 2766 “
588 2731 650 2808 nis,
674 2729 755 2796 dum
777 2731 941 2817 aegritudo
963 2730 1110 2808 infestat,
1134 2730 1268 2817 penitus
1289 2728 1427 2795 carere.''

380 2845 534 2909 absolutely
592 2832 648 2897 Ad
679 2833 750 2899 haec
782 2854 862 2899 vero
894 2833 950 2899 ille
981 2832 1133 2898 dicebat·
1182 2833 1310 2900 “Nolit
1340 2832 1451 2897 Deus!
1508 2829 1609 2895 Absit

380 2912 565 3041 m&
588 2935 633 2999 ist
618 2934 689 3012 t,ud
706 2957 748 3000 ne
770 2934 851 3000 fiat!
899 2933 978 2999 Non
1001 2935 1090 3000 enim
1114 2934 1216 3014 laedit,
1233 2934 1292 3001 sed
1314 2933 1396 3000 lenit
1420 2953 1482 2998 nos
1504 2933 1609 2999 vestis

380 3045 409 3093 it
550 3035 677 3102 “rhaec
701 3057 761 3101 nee
784 3040 855 3101 tam
878 3036 1003 3102 ulcerat
1018 3058 1118 3123 quam
1137 3036 1268 3121 juvat.”

595 3137 755 3224 Praecepit
771 3160 901 3224 quoque
922 3138 1074 3225 scriptori
1096 3138 1321 3224 praesentium,
1337 3136 1505 3203 dicensz‘
1507 3133 1608 3202 ‘Scio

549 3241 743 3327 “equidem
765 3262 825 3306 nec
854 3239 1043 3328 episcopum
1075 3261 1275 3327 quemquam
1300 3261 1361 3306 nec
1392 3238 1549 3306 abbatem
1572 3239 1608 3302 in

382 3349 502 3400 officeof
549 3348 566 3382 “
589 3343 641 3408 his
663 3343 742 3409 locis
764 3343 1003 3430 reperiendum,
1035 3343 1093 3429 qui
1128 3343 1279 3409 debitum
1311 3341 1609 3408 commendationis

381 3431 508 3533 ἓξὲξ
550 3453 566 3482 “
590 3444 732 3511 officium
755 3446 933 3512 educendae
956 3445 996 3511 de
1019 3466 1145 3511 carcere
1160 3446 1225 3511 isto
1240 3444 1360 3510 animae
1375 3466 1457 3510 meae
1480 3444 1609 3530 impen-

382 3549 490 3598 timeor
549 3548 666 3612 “dere
698 3547 816 3612 valeat.
863 3546 1046 3614 Universos
1070 3570 1214 3635 namque
1244 3547 1343 3633 hujus
1366 3553 1463 3614 terme
1491 3546 1610 3634 praela-

382 3615 466 3741 coppi
476 3693 500 3741 b.
551 3654 644 3713 “tos
675 3650 820 3713 edictum
858 3650 1010 3735 generale
1037 3651 1204 3737 protraxit
1228 3650 1442 3716 Lineolniam.
1491 3649 1610 3714 Mittas

382 3769 477 3848 Mpnks
489 3770 528 3819 ror
550 3760 568 3785 “
591 3750 696 3835 igitur
710 3773 827 3836 pueros
843 3773 916 3816 cum
940 3754 1033 3839 equis
1054 3754 1097 3818 ad
1113 3754 1454 3831 westmonasterium,
1470 3753 1528 3837 qui
1552 3751 1610 3817 de·

382 3837 515 3951 ξξζξῐξζῇθ
553 3862 568 3886 “
592 3852 716 3917 ducant
737 3853 815 3918 inde
837 3860 964 3939 septem
988 3857 1059 3919 sive
1082 3862 1155 3922 octo
1178 3856 1364 3936 monachos,
1381 3861 1420 3921 ut
1442 3854 1611 3921 celebrent

382 3968 539 4047 fromWest-
552 3964 568 3991 “
591 3955 760 4021 vobiscum
776 3958 931 4044 exequias
946 3964 1083 4024 nostras.
1131 3959 1186 4023 Ad
1210 3959 1369 4024 decanum
1391 3957 1610 4023 nihilominus

383 4042 527 4154 fflffi'k„
552 4068 569 4095 “
592 4061 696 4125 sancti
718 4060 813 4124 Pauli
837 4061 946 4126 verbis
969 4062 1051 4125 meis
1075 4061 1221 4142 mittens,
1245 4060 1418 4125 mandabis
1445 4059 1504 4138 illi,
1529 4082 1610 4145 qua-

381 4168 496 4221 fromst.
553 4163 685 4227 “tinus
720 4185 762 4227 ιι
795 4163 919 4228 clericis
954 4164 1089 4229 chorum
1121 4164 1409 4249 frequentantibus
1444 4163 1612 4249 copiosam

384 4234 477 4286 Paul‘s.
552 4272 568 4297 “
592 4263 656 4328 huc
689 4265 815 4351 diriget
847 4265 1107 4333 multitudinem.
1155 4266 1211 4332 Ita
1249 4266 1411 4352 siquidem
1446 4266 1613 4351 speciosas

552 4372 569 4401 “
593 4365 676 4429 mihi
701 4368 896 4451 persolvetis
919 4370 1082 4455 exequias.
1131 4367 1216 4433 Oum
1239 4390 1318 4433 vero
1341 4373 1472 4454 tempus
1499 4366 1615 4446 fuerit,

385 4484 530 4534 Direotions
553 4477 570 4503 “
593 4473 634 4531 ut
656 4489 774 4555 corpus
801 4471 954 4537 exanime
970 4469 1236 4558 pontificalibus¹
1262 4470 1423 4536 induatur
1443 4490 1486 4535 ex
1509 4490 1614 4547 more,

385 4552 539 4681 ffigmhffh'
554 4579 570 4605 “
593 4571 731 4636 sociabis
755 4573 819 4637 tibi
843 4595 946 4637 unum
970 4596 1012 4638 ex
1028 4574 1253 4639 sacerdotibus
1274 4573 1431 4659 regularis
1453 4572 1612 4652 habitus3

386 4698 480 4747 corpsc.
553 4683 569 4708 “
593 4675 650 4761 qui
667 4679 774 4740 tecum
790 4680 900 4740 totum
925 4677 1024 4741 funus
1042 4677 1235 4763 diligentius
1250 4676 1367 4740 abluat
1381 4678 1416 4740 ct
1430 4675 1613 4762 abstergat

554 4783 572 4812 “
596 4777 639 4841 In
672 4777 804 4843 ecclesia
834 4800 977 4864 namque
1011 4780 1143 4845 matrici
1175 4783 1299 4845 sunctae
1334 4778 1398 4842 Dei
1428 4777 1614 4864 genitricis

689 5051 902 5121 1ροιιιιῄειιιιιιιι]
932 5054 967 5106 So
983 5053 1039 5107 MS.
1052 5075 1059 5116 ;
1077 5053 1261 5120 pontificalibus
1272 5052 1391 5107 vestibus.
1403 5051 1463 5104 Per.
