4125 6334
597 1099 662 1162 ele
824 1108 905 1158 vrrs
927 1110 952 1161 s
976 1107 1132 1158 uusoms
1154 1107 1421 1159 mscomrnusrs

595 1298 772 1364 videbatur
785 1296 997 1363 incommoda
1044 1293 1268 1361 Nihilominus
1282 1294 1336 1359 hic
1350 1295 1518 1381 poenitens
1533 1319 1658 1377 novus,

596 1406 631 1468 et
651 1400 809 1466 innocens
831 1405 1017 1476 veteranus,
1040 1420 1061 1463 a
1091 1397 1217 1475 castris,
1240 1397 1275 1461 in
1305 1396 1435 1483 quibus,
1458 1403 1513 1465 tot
1543 1400 1658 1468 lustra

595 1502 765 1590 splendide
787 1501 962 1566 militando
982 1505 1199 1588 transegerat,
1214 1500 1356 1565 extorris
1377 1522 1446 1567 non
1468 1504 1658 1593 transfuga,

595 1626 655 1691 per
676 1626 790 1692 aspera
811 1604 984 1680 montium,
1014 1626 1074 1689 per
1096 1603 1224 1668 devexa
1245 1602 1393 1682 vellium,
1423 1605 1473 1669 ita
1504 1611 1547 1671 ut
1580 1615 1658 1674 erat

595 1706 740 1772 nudalus
755 1706 948 1793 digreditur.
995 1706 1068 1771 Neo
1091 1706 1179 1770 enim
1194 1706 1260 1791 qui,
1275 1706 1473 1793 protoplasti
1489 1711 1657 1797 exemplo,

595 1810 738 1896 paradisi
775 1795 1017 1874 habitationem
1048 1830 1106 1895 per
1142 1807 1401 1873 inobedientiam
1432 1809 1656 1890 demeruerat,

446 1989 451 2006 1
474 1923 542 2001 sep.
595 1933 654 1997 per
676 1908 886 1977 excellentis¹
905 1933 1035 1997 quoque
1059 1909 1315 1976 misericordiam
1338 1915 1465 1976 vestem
1480 1913 1656 1999 pelliceam

431 1988 634 2079 (¹⁰¹¹‘¹¹¹·⁹¹·ut
655 2014 711 2080 ille
740 2018 926 2100 acceperat,
948 2014 1027 2099 quia
1049 2034 1134 2099 saepe
1155 2011 1193 2076 in
1221 2013 1273 2077 ira
1293 2012 1525 2082 misericordiae
1553 2016 1657 2083 homo

430 2128 565 2207 liliputer
594 2116 810 2193 obliviscitur,
833 2115 924 2199 cujus
948 2136 1075 2201 semper
1096 2115 1188 2182 Deus
1211 2120 1419 2181 memoratur.
1467 2116 1523 2183 Sic
1546 2118 1658 2206 igitur

430 2195 570 2262 ⁸¹¹ff⁰¹¹⁰i⁸·
595 2219 742 2284 interdiu
763 2218 926 2295 incedens,
941 2222 976 2282 et
990 2222 1093 2282 noctu
1113 2216 1175 2282 suh
1198 2216 1277 2282 divo
1299 2216 1469 2296 recubans,
1483 2221 1658 2308 compluta

595 2326 629 2386 et
646 2303 824 2406 'congelata
838 2320 985 2385 membra
1007 2341 1096 2386 nunc
1117 2341 1198 2385 saxo
1220 2319 1365 2400 cuilibet,
1383 2343 1473 2387 nunc
1495 2329 1656 2411 congesto

595 2423 724 2487 nivium
763 2424 902 2501 cumulo,
940 2422 1047 2488 rarius
1085 2443 1165 2487 vero
1203 2423 1302 2488 nudae
1331 2424 1485 2509 credebat
1522 2426 1657 2493 telluris

595 2525 727 2612 gremio,
750 2524 843 2611 cujus
865 2523 1020 2590 videlicet
1051 2530 1086 2588 et
1107 2523 1232 2609 ubique
1256 2526 1461 2610 superficiem
1488 2526 1548 2592 nix
1571 2528 1655 2593 den-

596 2628 914 2714 sissimaoperuerat,
961 2626 1027 2707 Qui
1051 2648 1163 2691 versus
1187 2626 1327 2704 demum,
1351 2635 1544 2695 cunctorum
1568 2653 1656 2717 pene

596 2730 699 2796 totius
738 2729 862 2795 ordinis
899 2730 1046 2815 priorum
1092 2728 1325 2815 deprecatoriis
1360 2738 1498 2797 onustus
1536 2732 1656 2814 literis,

596 2833 697 2910 venit,
716 2832 788 2918 jam
811 2831 982 2896 nocturnis
998 2830 1266 2896 incumbentibus
1292 2833 1426 2912 umbris,
1450 2834 1493 2898 ad
1520 2842 1655 2921 portam

597 2935 766 3001 Certusiae.
831 2934 936 3011 Quem
966 2935 1068 2998 frater
1105 2933 1269 3020 portarius
1299 2956 1359 3000 nec
1396 2937 1458 3002 sub
1497 2939 1655 3025 patulum

596 3043 721 3104 tectum
753 3036 868 3121 janum
906 3035 1036 3123 ingredi
1065 3036 1270 3122 permittens,
1309 3059 1384 3103 cum
1422 3043 1507 3105 esset
1545 3042 1657 3108 nimia

597 3160 725 3225 quoque
755 3138 829 3204 coeli
859 3138 1079 3225 intemperies,
1117 3140 1264 3204 exterius
1293 3140 1330 3204 in
1367 3141 1485 3207 mediis
1515 3144 1657 3211 nivibus

596 3246 785 3328 pernoctare
815 3241 930 3329 coegit.
976 3240 1027 3305 De
1058 3239 1150 3327 cujus
1172 3242 1393 3308 amaritudine
1415 3245 1523 3311 noctis
1548 3248 1656 3315 nimis

596 3345 821 3421 immoderata,
851 3365 947 3410 inane
976 3343 1112 3408 tandem
1141 3344 1286 3429 portario
1316 3345 1452 3431 loquens
1475 3347 1656 3429 Einardus,

596 3448 646 3512 ita
667 3446 770 3511 facete
800 3445 906 3511 dixit:
941 3454 957 3479 “
974 3444 1131 3519 Revera,''
1161 3446 1280 3531 inquit,
1313 3455 1329 3482 “
1344 3448 1446 3514 frater
1476 3451 1655 3531 carissime,

596 3559 613 3583 “
636 3550 663 3613 si
686 3553 783 3612 noete
806 3547 866 3610 hac
895 3547 984 3611 inter
1014 3546 1206 3613 collidentes
1232 3571 1299 3634 prae
1320 3548 1452 3636 frigoris
1482 3557 1655 3621 tormento

596 3661 613 3685 “
636 3651 752 3742 dentes
775 3670 862 3712 meos
877 3648 955 3712 faba
979 3649 1153 3730 extitisses
1177 3651 1279 3715 etiam
1302 3653 1417 3718 nolens
1440 3659 1473 3718 te
1497 3655 1655 3724 funditus

596 3762 613 3787 “
636 3749 926 3816 comminuissem.''

433 3864 583 3913 lert-ceum
642 3853 707 3934 Qui
737 3852 870 3918 tandem
894 3854 955 3917 sub
985 3853 1128 3940 regulari
1158 3855 1381 3922 satisfactione
1411 3865 1592 3945 susceptus,
1615 3870 1654 3931 et

429 3932 583 4048 ζ’ᾖζξιᾟῇζξῖ]
598 3956 835 4023 Danemarchia
871 3962 910 4022 ut
947 3957 1089 4042 petierat
1118 3956 1286 4036 liberatus,
1317 3962 1359 4025 ad
1391 3961 1549 4048 Angliam
1581 3988 1653 4033 non

430 4066 543 4115 sardeis
596 4063 691 4148 longe
716 4065 790 4146 post
815 4060 954 4145 inopus
978 4066 1171 4125 consuetum
1195 4062 1389 4128 destinatur.
1436 4064 1492 4129 Ite
1514 4070 1653 4135 veroin

431 4142 551 4252 {illihffm
598 4163 799 4254 Burgundio,
822 4162 942 4246 quibus
958 4162 1016 4226 diu
1039 4163 1198 4228 extiterat
1213 4164 1318 4229 forma
1340 4167 1481 4252 perfecte
1501 4169 1652 4252 vivendi,

598 4266 765 4351 exemplar
789 4265 920 4330 demum
945 4265 1080 4330 effectus
1107 4274 1157 4331 est
1180 4266 1413 4353 perfectissime
1438 4272 1650 4359 poenitendi:

634 4598 800 4665 'excellenlirJ
828 4601 863 4651 So
889 4600 945 4652 MS.
988 4602 1101 4665 Perhaps
1143 4618 1201 4652 man
1221 4609 1248 4653 to
1270 4605 1302 4653 do
1321 4605 1384 4655 such
1405 4621 1421 4656 a
1440 4605 1521 4671 thing,
1539 4610 1591 4657 and
1609 4609 1653 4662 his

599 4680 738 4748 expellentis
749 4681 831 4730 would
842 4682 873 4730 be
891 4681 934 4730 the
945 4680 1016 4744 right
1029 4682 1101 4730 read·
1146 4682 1294 4747 biographer
1314 4700 1374 4750 may
1392 4685 1457 4735 have
1477 4690 1653 4741 remembered

599 4764 651 4827 ing,
680 4777 709 4809 or
731 4760 844 4824 possibly
871 4760 1007 4818 emittentis,
1036 4760 1100 4809 from
1144 4764 1193 4812 and
1212 4762 1323 4813 retained
1341 4765 1384 4814 the
1401 4767 1479 4823 word,
1501 4768 1652 4834 suppnsing‚

599 4844 662 4891 (len.
687 4841 723 4889 iii.
749 4846 787 4888 24.
822 4840 847 4887 It
869 4839 892 4887 is
916 4847 959 4887 not
985 4840 1101 4902 possible,
1120 4843 1124 4900 ἷ
1144 4841 1652 4907 asisveryprobable,thatthisaeeount

598 4922 690 4986 arrrely,
703 4922 757 4969 that
776 4920 819 4967 tlre
831 4919 900 4967 word
919 4918 940 4967 is
957 4920 1054 4974 coincd,
1066 4920 1101 4983 hy
1121 4915 1124 5001 l
1144 4920 1175 4968 of
1182 4920 1281 4971 Ainnrd
1294 4938 1344 4971 was
1356 4924 1458 4973 derived
1468 4924 1532 4973 from
1544 4925 1651 4991 Hugh's

598 5017 654 5065 way
666 5002 696 5050 of
711 5017 726 5049 a
744 5015 804 5063 pun,
816 5000 879 5049 from
900 5015 931 5047 ex
948 4996 1017 5047 cella.
1054 4999 1101 5048 Yet
1121 5019 1123 5050 ε
1146 5000 1200 5063 lips.

600 5081 677 5142 llugh
696 5096 747 5129 was
765 5085 809 5128 not
828 5085 855 5129 at
877 5078 910 5129 all
930 5094 963 5129 un
984 5078 1098 5144 unlikelp·
