4125 6334
571 1115 636 1177 2842
793 1127 876 1175 vrrs
899 1130 924 1175 s.
949 1126 1107 1176 uueoms
1129 1126 1400 1175 mveonnunvsrs.

401 1307 522 1385 Haguot
568 1322 688 1386 regem,
712 1301 779 1365 telo
802 1301 933 1367 balistae
954 1321 1151 1387 percussum,
1173 1301 1312 1387 ancipiti
1335 1306 1423 1368 sorte
1445 1302 1538 1368 inter
1552 1323 1634 1369 con-

401 1374 541 1490 ppputppg’s
570 1402 688 1466 finium
715 1403 796 1468 vitae
822 1407 857 1468 et
885 1402 969 1467 lethi
999 1402 1226 1481 fluctuantem,
1252 1403 1322 1468 dies
1345 1404 1415 1488 jem
1439 1404 1578 1491 aliquot·
1593 1404 1633 1470 in

570 1504 682 1570 nimiis
713 1504 881 1570 doloribus
903 1505 1111 1590 protraxisse.
1170 1504 1342 1583 Quantum
1372 1527 1451 1571 vero
1486 1506 1632 1572 recolere

400 1622 504 1687 verlay,
569 1628 751 1693 possumus,
775 1629 835 1671 rex
860 1607 933 1693 ipsa
956 1604 1030 1670 die¹
1057 1606 1225 1691 jaculatus
1248 1611 1299 1672 est
1322 1607 1391 1672 ictu
1412 1607 1539 1684 lethali,
1562 1630 1632 1694 qua

400 1689 490 1805 ffiffh
499 1696 539 1751 ²⁶³
569 1709 739 1796 episcopus
754 1709 836 1773 adeo
851 1707 1015 1773 eruciatus
1036 1708 1101 1773 fuit
1116 1709 1388 1795 importunitate⁹
1406 1710 1536 1775 sinistri
1551 1732 1631 1776 con·

568 1812 642 1876 silii.
700 1812 749 1877 Eo
780 1816 892 1876 autem
922 1811 1107 1876 interstitio
1136 1812 1305 1898 temporis,
1338 1812 1427 1897 quod
1456 1812 1562 1877 ictum
1593 1819 1631 1879 et

568 1914 725 1979 nuntium
755 1913 940 1979 intercessit
969 1914 1052 2000 regii
1078 1914 1233 1990 vulneris,
1265 1936 1362 1980 nemo
1393 1914 1504 1993 etiam,
1536 1916 1628 1982 uude

567 2016 779 2094 mirabamur,
803 2016 834 2082 ei
856 2016 1038 2102 q'uidquam
1070 2015 1267 2101 loquebatur
1296 2038 1395 2104 super
1424 2014 1627 2083 diffinitione

399 2142 554 2194 Lamousia.
568 2124 638 2184 tam
672 2120 768 2185 ardui
803 2123 939 2203 tamque
973 2118 1124 2205 urgentis
1156 2118 1291 2204 negotii.
1349 2118 1423 2205 Ipse
1452 2140 1531 2184 vero
1564 2120 1629 2185 sub

398 2217 438 2261 ²⁶·
567 2222 698 2287 silentio
721 2222 975 2308 praestolabatur
997 2219 1142 2285 salutare
1165 2219 1236 2286 Dei.

398 2343 513 2393 nugare
612 2323 765 2406 Deoauus
796 2323 924 2388 interea
954 2327 989 2386 et
1020 2322 1169 2388 canonici
1200 2323 1452 2409 andegavensis
1483 2325 1628 2392 ecclesia

398 2393 528 2505 fficiam
565 2426 728 2513 rogabant
751 2446 836 2504 eum,
860 2423 1018 2511 quatinus
1045 2424 1187 2490 instanti
1211 2426 1265 2491 die
1297 2426 1472 2491 Dominiea
1495 2425 1628 2492 Palma·

396 2506 514 2639 baffi
564 2551 638 2593 rum
664 2530 816 2593 divinum
831 2529 920 2614 apud
943 2550 999 2593 coe
1021 2535 1241 2613 exequeretur
1264 2527 1426 2607 officium3
1449 2529 1528 2614 quia
1542 2551 1625 2595 suus

396 2597 499 2740 {iiam
563 2631 714 2718 pontifex
736 2654 758 2694 a
783 2630 873 2695 curia
895 2630 1036 2695 necdum
1054 2630 1199 2695 redierat
1222 2631 1382 2708 Romana,
1405 2630 1493 2715 quo³
1514 2653 1624 2718 nuper

395 2710 459 2802 tiit!
467 2728 500 2791 11'·
564 2733 779 2821 episcopalem
816 2738 1006 2819 perceperat
1044 2733 1328 2798 consecrationem.
1397 2732 1525 2812 Quibus
1564 2734 1623 2799 ille

395 2806 537 2916 coniitia
563 2837 781 2922 acquiescens,
812 2858 887 2899 cum
916 2834 988 2919 jam
1020 2835 1221 2920 praecedenti
1252 2834 1399 2900 Sabbata
1425 2836 1468 2901 ad
1502 2836 1621 2902 urbem

395 2917 526 3017 wig-⁸·
563 2939 716 3004 tonderet
738 2942 961 3015 memoratam,
986 2937 1096 3002 medio
1122 2937 1241 3003 itinere
1264 2937 1406 3003 occurrit
1431 2937 1622 3005 siclericus

395 2996 538 3111 bhfiiwhii.
564 3041 698 3126 quidam
735 3039 869 3103 nomine
901 3039 1072 3105 Gilbertus
1104 3041 1144 3104 de
1175 3039 1262 3119 Laci,
1286 3038 1397 3105 verbis
1427 3040 1621 3107 certissimis

394 3117 550 3217 itheth}
560 3142 764 3209 annuntians
778 3163 888 3229 regem
903 3141 1020 3206 mortis
1038 3141 1109 3226 jam
1125 3142 1274 3208 debitum
1297 3142 1495 3224 exsolvisse3
1517 3165 1619 3229 quem

393 3218 525 3317 ibiibi
561 3251 595 3311 et
617 3246 671 3310 die
702 3245 853 3331 sequenti
886 3244 930 3308 ad
963 3244 1106 3329 vestigia
1140 3243 1245 3329 patris
1276 3244 1328 3308 sui
1360 3244 1447 3331 apud
1486 3265 1621 3311 monas·

393 3318 548 3422 idiotita
560 3348 682 3414 terium
706 3349 823 3412 Fontis
846 3346 983 3411 Ebraldi
1006 3346 1206 3411 tradendum
1229 3346 1379 3412 innotuit
1400 3348 1589 3434 sepulturas.

392 3421 521 3516 &sitim
605 3451 670 3516 His
691 3448 792 3516 vero⁴
815 3449 947 3525 auditis,
974 3449 1074 3512 altius
1097 3448 1283 3534 ingemuit3
1313 3471 1413 3535 seque
1437 3450 1479 3515 ad
1505 3450 1618 3516 locum

560 3554 770 3637 designatum
801 3551 837 3613 in
868 3550 1062 3634 obsequium
1095 3550 1220 3614 funeris
1251 3573 1331 3615 mox
1353 3553 1420 3617 suis
1441 3552 1620 3618 intimavit

560 3677 628 3719 esse
652 3655 785 3719 iturum.
833 3651 993 3729 Quodne
1016 3652 1146 3729 faceret,
1169 3676 1282 3718 eorum
1308 3677 1392 3740 pene
1414 3656 1618 3722 universitas

560 3755 749 3819 dissuadere
781 3753 936 3817 tentavit.
999 3754 1069 3818 Ubi
1104 3760 1215 3820 autem
1238 3757 1392 3842 pervenit
1415 3759 1457 3822 ad
1488 3758 1616 3835 urbem,

392 3866 549 3915 Thelawless
560 3857 699 3945 agnovit
728 3856 799 3941 jam
832 3856 1085 3942 circumquaque
1112 3859 1171 3921 hos
1205 3859 1425 3944 percrebuisse
1456 3881 1618 3938 rumores

392 3933 548 4058 {ffit‘r'gfm
559 3962 746 4049 passimque
776 3960 947 4024 viantibus
978 3959 1155 4024 violentias
1178 3960 1300 4037 inferri,
1324 3967 1358 4026 et
1388 3963 1521 4048 rapinas
1552 3986 1616 4027 un·

391 4067 514 4150 upon'tho
559 4066 657 4151 dique
680 4064 832 4130 exerceri.
878 4062 966 4125 Nam
990 4068 1023 4127 ct
1045 4084 1178 4126 errorum
1195 4063 1339 4148 quidam,
1355 4064 1412 4150 qui
1432 4063 1474 4129 ab
1490 4064 1618 4151 Anglia

391 4132 589 4266 iiiihsbeingei
612 4174 765 4253 sumptus
796 4166 987 4240 afferebant,
1020 4166 1055 4228 in
1088 4187 1206 4230 manus
1237 4167 1460 4251 praedantium
1492 4168 1616 4232 incide-

390 4265 490 4318 known.
557 4276 646 4346 runt,
674 4270 732 4353 qui
754 4269 801 4333 eis
823 4268 1044 4353 quadraginta
1075 4290 1201 4331 marcas
1233 4270 1362 4353 argenti
1397 4268 1617 4335 abstulerant.

558 4371 749 4436 Suadebaut
780 4371 884 4456 igitur
914 4371 1019 4448 amici,
1044 4393 1111 4434 uua
1126 4378 1129 4385 '
1145 4392 1219 4433 cum
1252 4371 1438 4436 domesticis
1470 4373 1546 4449 suis,
1571 4396 1616 4438 ne

592 4602 666 4666 'ipsa
682 4600 734 4665 die]
755 4599 866 4649 ltichard
885 4600 999 4649 received
1018 4599 1061 4649 the
1106 4599 1203 4664 having
1230 4600 1299 4664 early
1323 4599 1484 4649 informatiou
1513 4601 1543 4649 of
1569 4603 1612 4653 the

556 4683 648 4731 wonnd
667 4696 700 4728 on
718 4680 822 4743 Friday,
842 4678 931 4728 March
944 4684 983 4727 26.
1019 4679 1060 4727 He
1080 4711 1083 4736 ς
1105 4679 1190 4742 king's
1202 4678 1299 4728 critical
1312 4685 1394 4739 state;
1413 4679 1456 4729 the
1468 4696 1557 4744 queen,
1576 4698 1612 4733 uo

557 4762 612 4812 died
625 4761 752 4822 Tuesday,
763 4759 839 4822 April
852 4764 874 4806 6.
904 4757 987 4807 When
1000 4773 1059 4806 eon·
1104 4759 1191 4818 doubt,
1199 4774 1250 4807 vas
1262 4759 1308 4808 her
1318 4766 1397 4823 guest.

556 4842 646 4891 vinced
657 4840 687 4889 of
694 4839 735 4887 his
746 4841 850 4902 danger,
862 4837 894 4886 he
906 4845 961 4885 sent
973 4836 1011 4883 for
1018 4836 1058 4884 his
1136 4838 1145 4867 ²
1159 4838 1352 4903 importunitate]
1371 4839 1406 4889 So
1419 4839 1475 4889 its.
1488 4859 1495 4897 ;
1514 4839 1610 4905 impor-

555 4921 661 4980 mother,
674 4919 732 4966 vrbo
744 4934 795 4967 vas
818 4919 878 4966 then
902 4922 928 4963 at
947 4915 1058 4963 Fontes·
1103 4917 1329 4977 tuuitatibus,Pez.

554 5000 627 5049 rault.
1135 5000 1144 5026 ³
1155 4997 1215 5061 quc]
1237 4997 1271 5047 So
1283 4998 1339 5048 MS.
1352 5020 1358 5057 ;
1377 4998 1404 5046 in
1416 5014 1472 5062 qua,
1484 4998 1545 5049 Per.

593 5077 657 5127 This
683 5084 803 5126 accounts
832 5076 872 5125 sor
899 5075 941 5125 the
969 5076 1057 5125 ebbess
1135 5077 1224 5143 ⁴cero]
1244 5078 1368 5137 SoMS.;
1387 5078 1510 5140 ille‚Pez.
