4125 6334
598 1108 663 1171 322
821 1118 903 1169 nm
926 1121 950 1167 s.
976 1118 1133 1170 nuuoms
1156 1116 1426 1168 nrueomrmsrs.

645 1296 711 1378 Qui
745 1298 881 1365 tandem
915 1296 1013 1362 simul
1046 1296 1089 1361 ad
1121 1316 1293 1361 commune
1322 1295 1466 1361 fratrum
1503 1295 1661 1362 emnium

598 1423 717 1467 venere
739 1402 946 1487 colloquium.
993 1402 1087 1465 Tune
1109 1422 1130 1465 a
1145 1399 1368 1465 Lincolniensi
1384 1400 1538 1465 dominus
1553 1421 1663 1485 quon-

600 1506 677 1569 dam
701 1504 851 1570 Belensis
873 1503 1011 1567 formam
1034 1502 1124 1588 pacis
1154 1503 1243 1567 inter
1272 1523 1364 1587 reges
1396 1506 1527 1567 nostros
1559 1501 1659 1568 initae

600 1606 663 1671 sibi
686 1607 786 1693 petiit
809 1628 916 1672 coram
940 1604 1102 1669 fratribus
1124 1605 1232 1670 retexi
1244 1628 1251 1684 ;
1275 1627 1354 1669 nam
1377 1604 1560 1670 concordiae
1583 1603 1659 1668 illo-

432 1722 532 1787 11ugh’s
600 1732 673 1774 rum
696 1709 804 1795 ipsum
827 1708 1016 1773 interfuisse
1040 1713 1246 1794 cognoverat.
1291 1707 1346 1772 Ad
1362 1729 1460 1792 quam
1476 1707 1543 1772 viri
1566 1707 1658 1773 tanti

431 1787 576 1919 32¹¹ssssss
599 1811 797 1897 petitionem
823 1810 1087 1876 ferventissimus
1114 1809 1240 1875 ordinis
1266 1810 1388 1874 zelator
1414 1810 1504 1874 hand
1527 1809 1658 1875 modice

432 1920 569 2000 osBellan
601 1914 824 1991 contristatus,
847 1915 897 1979 ita
919 1914 1040 1979 leniter
1063 1917 1098 1977 et
1120 1913 1215 1998 quasi
1232 1912 1375 1998 jocando
1397 1913 1465 1977 ait:
1491 1918 1509 1947 “
1522 1910 1581 1989 0,’‘
1606 1912 1659 1977 in-

430 1987 572 2103 Ξοᾷἒωε
602 2018 728 2102 quiens,
753 2024 770 2053 “
783 2017 915 2083 domine
937 2022 1041 2103 pater,
1068 2037 1218 2081 rumores
1240 2014 1356 2081 audire
1379 2021 1413 2080 et
1436 2013 1565 2093 referre,
1592 2015 1658 2079 etsi

431 2120 539 2199 '⁰¹¹le
603 2128 621 2155 “
643 2121 722 2185 licet
745 2120 916 2206 episcopis,
933 2120 990 2184 sed
1013 2117 1180 2183 monachis
1202 2140 1270 2183 non
1292 2118 1376 2183 licet.
1425 2117 1465 2181 In
1490 2117 1586 2182 celles
1601 2116 1657 2182 vel
1735 2157 1742 2166 -

432 2202 547 2317 {¹13ssss
600 2232 617 2258 “
640 2223 819 2287 claustrum
846 2244 992 2287 rumores
1013 2221 1146 2307 ingredi
1167 2242 1235 2286 non
1257 2220 1354 2286 licet:
1379 2220 1475 2284 urbes
1498 2221 1656 2297 deserere,

432 2319 565 2434 {3⁰32
602 2332 620 2360 “
644 2325 737 2390 etin
760 2325 975 2391 solitudinem
1003 2346 1152 2389 rumores
1179 2324 1296 2389 afferre
1318 2346 1385 2388 non
1409 2320 1513 2387 licet.''
1571 2321 1659 2388 Haee

469 2402 552 2519 „0⁰3
567 2402 586 2437 ε’
599 2428 718 2504 dicens,
754 2428 796 2491 ad
819 2428 1002 2514 spiritualis
1028 2427 1259 2492 aedificationis
1281 2427 1438 2500 studium,
1462 2425 1659 2511 postpositis

599 2531 794 2606 rumoribus,
818 2532 921 2597 verba
943 2530 1117 2596 convertit.

972 2855 1183 2921 Osrrrunun
1207 2854 1279 2920 XV.

599 3041 733 3107 Relatio
764 3039 971 3126 interpolata
1000 3040 1065 3106 eico
1102 3038 1220 3125 ipsias
1253 3061 1276 3104 a
1303 3038 1516 3125 Respa-adiu
1549 3061 1658 3127 neq-uc

689 3143 895 3209 Londoniua
925 3143 999 3226 Quo
1024 3142 1163 3209 tundent
1186 3141 1396 3229 (epriludinc
1416 3150 1659 3230 praepedirer-lus

687 3246 836 3333 appulit.

643 3411 709 3475 Sed
732 3433 812 3487 ecce,
837 3411 917 3475 dum
933 3409 999 3474 viri
1022 3407 1207 3495 spiritualis
1222 3406 1379 3471 imitabili
1394 3406 1475 3484 vita,
1492 3411 1656 3494 tanquam

596 3514 680 3599 ligni
702 3512 847 3575 frondosi
871 3518 972 3596 atque
995 3511 1158 3575 fructiferi
1185 3510 1274 3595 quod
1306 3510 1341 3573 in
1374 3509 1525 3596 paradiso
1553 3512 1656 3576 eccle-

596 3615 653 3677 siae
676 3614 886 3698 plantaverat
909 3614 1073 3677 Dominus
1096 3614 1249 3678 ubertate
1276 3635 1414 3689 amoena,
1441 3613 1657 3679 veliementer

596 3713 766 3791 afficimur,
779 3719 875 3777 extra
890 3715 1068 3801 propositio
1084 3715 1260 3780 brevitatis
1275 3715 1504 3801 compendium
1521 3715 1655 3802 longius

596 3838 781 3902 evagamur.
829 3817 984 3903 Dumque
1007 3819 1042 3881 in
1075 3818 1221 3904 legendis
1248 3839 1289 3881 ex
1315 3840 1352 3882 eo
1376 3824 1409 3882 et
1436 3818 1653 3885 recondendis

596 3920 632 3983 in
655 3920 775 3984 solatia
798 3921 988 3997 amicorum,
1012 3942 1080 3984 non
1103 3921 1209 3985 solum
1233 3922 1338 4005 pomis
1365 3942 1509 4007 operum,
1535 3923 1593 3986 sed
1617 3931 1653 3988 et

595 4022 682 4088 foliis
707 4024 889 4104 verborum,
907 4024 1092 4088 delectabili
1116 4023 1227 4088 studio
1250 4024 1450 4098 insudamus,
1473 4030 1651 4109 angustam

596 4126 723 4191 cartalli
761 4126 873 4211 exigui
910 4148 1098 4190 mensuram
1136 4125 1292 4190 excedere
1322 4126 1457 4190 videtur
1495 4125 1652 4193 adunatse

596 4228 796 4292 collectionis
829 4250 971 4293 acervus.
1031 4229 1127 4307 Quod
1154 4250 1193 4292 oa
1226 4228 1321 4292 nobis
1348 4228 1388 4291 de
1412 4249 1510 4291 causa
1536 4231 1651 4314 procul

596 4330 697 4393 dubio
712 4330 838 4406 accidit,
863 4331 942 4414 qnia
964 4331 1105 4395 salutem
1120 4332 1244 4416 pariter
1260 4334 1294 4394 et
1309 4330 1517 4394 refectionem
1541 4329 1652 4416 legen·

596 4433 681 4496 tium
705 4454 747 4496 ex
775 4433 827 4495 his
859 4434 1025 4517 procurari
1053 4434 1088 4496 in
1113 4454 1232 4518 magno
1259 4432 1418 4518 parvitati
1443 4436 1565 4496 nostrae
1592 4434 1650 4498 de-

595 4535 716 4600 siderio
736 4534 809 4599 fuit.
857 4535 1063 4600 Confidimus
1090 4558 1240 4621 namque,
1261 4535 1362 4619 juxta
1386 4536 1585 4598 sententiam
1612 4538 1648 4600 in

426 4645 581 4710 Apsaxxii.
595 4638 795 4725 Apocalypsi
833 4660 930 4725 super
968 4639 1193 4724 hujuscemodi
1223 4639 1320 4702 rebus
1350 4659 1544 4723 expressam,
1576 4638 1649 4705 lnec

426 4719 449 4761 ²·
594 4750 629 4808 ct
644 4743 700 4806 illa
716 4742 759 4805 ad
780 4740 919 4805 salutem
946 4742 1097 4825 gentium
1121 4741 1303 4826 profutura,
1320 4741 1348 4803 si
1372 4762 1447 4804 eum
1470 4740 1649 4807 devotione

593 4849 767 4910 sumantur
799 4843 889 4906 fideli
920 4850 954 4906 et
984 4844 1046 4927 pia.
1092 4844 1217 4907 Verum
1251 4844 1287 4905 in
1318 4844 1369 4907 his
1401 4864 1457 4928 per
1486 4847 1648 4928 temporis

592 4947 835 5032 aliquantulum
867 4946 961 5010 nobis
996 4947 1170 5030 occupatis,
1198 4946 1350 5010 messium
1379 4945 1450 5031 jam
1474 4951 1507 5009 et
1530 4946 1648 5012 vinde-

592 5050 730 5112 miarum
762 5054 894 5133 tempus
925 5049 1068 5113 elabitur
1083 5075 1090 5129 ;
1122 5049 1316 5134 justumque
1343 5055 1395 5114 est
1420 5052 1460 5113 ut
1483 5048 1645 5116 cultorem
