4125 6334
482 1152 547 1214 356
705 1161 788 1210 vrrs
810 1162 836 1211 s,
860 1161 1015 1210 nuuoms
1039 1158 1310 1208 aruooamnusrs

483 1348 500 1373 “
523 1338 634 1403 cluam
657 1337 831 1424 conspexit
852 1338 997 1423 pyrum?
1042 1336 1072 1400 Ο
1095 1337 1222 1420 quanta
1244 1331 1369 1398 nobilis
1393 1326 1548 1397 materici

483 1450 500 1475 “
519 1440 650 1524 jactura
672 1438 758 1518 erit,¹
784 1440 812 1502 si
842 1438 903 1503 hoc
933 1439 969 1503 in
992 1438 1064 1502 loco
1086 1436 1203 1501 abdita
1225 1439 1398 1522 putrescat
1421 1434 1547 1520 specio-

484 1552 502 1576 “
525 1542 655 1606 cissima
677 1542 775 1605 arbor
797 1541 872 1615 ista,
895 1562 938 1604 ex
962 1561 1029 1625 qua
1053 1537 1221 1624 diptycbae
1245 1541 1299 1601 tot
1321 1540 1463 1621 possent
1489 1557 1545 1600 ex·

484 1652 501 1678 “
524 1642 599 1719 cidi,
624 1647 705 1727 quot
729 1640 835 1706 totius
858 1639 991 1727 Angliae
1015 1640 1086 1704 sive
1110 1638 1228 1703 Galliae
1253 1636 1376 1703 studiis
1399 1635 1544 1703 scholas

486 1753 502 1778 “
526 1744 602 1808 ticis
625 1743 811 1829 quivissent
835 1741 1009 1806 sufficere.''
1056 1741 1146 1805 Dum
1175 1740 1245 1805 hoec
1270 1760 1390 1816 secum,
1413 1738 1544 1825 sopitus

485 1865 626 1931 corpore,
649 1845 706 1910 scd
734 1844 830 1909 corde
857 1842 1004 1908 solicitus
1028 1842 1085 1907 1116
1111 1845 1301 1928 pertractat,
1333 1839 1544 1927 supposuisse

485 1946 625 2011 lacertos
648 1945 757 2031 stipiti
775 1944 899 2030 jacenti
923 1949 1059 2030 repente
1085 1964 1120 2007 se
1142 1942 1287 2007 videbat.
1334 1940 1442 2026 Cujus
1464 1941 1542 2005 dum

487 2048 607 2111 molem
630 2047 749 2111 leniter
771 2045 929 2130 agitando
952 2049 1132 2131 pertentat,
1153 2048 1263 2109 totum
1286 2043 1462 2109 confestim
1485 2042 1543 2127 lig-

487 2171 567 2213 num
590 2170 719 2212 summa
740 2147 900 2211 facilitate
922 2145 966 2209 ab
993 2145 1060 2209 imo
1092 2145 1303 2209 sublevatum
1329 2144 1366 2207 in
1390 2144 1541 2219 brachiis,

487 2250 580 2334 qussi
604 2248 758 2334 ponderis
790 2246 923 2332 penitus
948 2247 997 2310 nil
1022 2246 1168 2324 haberet,
1192 2247 1256 2310 huc
1285 2246 1431 2331 illucque
1458 2268 1480 2309 6
1508 2267 1541 2309 sc

487 2350 689 2414 circumferri
712 2349 856 2413 miratur.
907 2347 1042 2412 Interea
1064 2348 1175 2413 subito
1202 2348 1381 2411 ramusculi
1404 2348 1475 2432 ejus
1500 2347 1541 2411 ab

486 2450 557 2537 ipso
581 2451 695 2536 stipite
719 2449 931 2528 deciderunt;
954 2450 1024 2535 ipse
1041 2470 1120 2514 vero
1143 2448 1272 2514 medius
1287 2449 1401 2525 vectis,
1424 2449 1541 2535 planus

486 2558 520 2617 et
543 2552 667 2630 enodis,
691 2551 727 2614 in
749 2552 912 2637 gestantis
934 2550 1023 2615 ulnis
1047 2550 1237 2636 permansit.

531 2655 633 2739 Cujus
655 2655 704 2719 rei
727 2653 884 2717 miraculo
914 2652 971 2716 1116
993 2652 1200 2738 stupefactus
1222 2652 1347 2738 pariter
1369 2656 1406 2716 et
1426 2652 1543 2736 jocun-

369 2778 400 2821 66
432 2810 438 2822 .
486 2757 593 2834 datus,
626 2777 740 2841 sopore
772 2777 851 2819 mox
883 2754 1041 2839 deposito,
1065 2752 1257 2838 hujusmodi
1283 2752 1376 2817 cordi
1400 2775 1461 2818 suo
1483 2754 1542 2817 im-

485 2878 631 2942 pressam
647 2856 785 2919 visionis
808 2856 932 2941 reperit
955 2854 1187 2939 conjectmam,
1202 2860 1243 2920 ut
1264 2851 1368 2920 etiam
1391 2854 1490 2919 labiis
1510 2861 1543 2919 et

486 2979 540 3021 ore
572 2956 655 3021 talia
687 2977 796 3021 secum
827 2955 1038 3041 loqueretur:
1064 2956 1228 3021 “Revera
1257 2955 1293 3019 in
1319 2956 1415 3020 brevi
1445 2955 1542 3020 mori·

487 3066 504 3093 “
528 3063 623 3121 turus
647 3064 697 3122 est
720 3058 817 3122 bomo
841 3058 924 3122 iste:
949 3057 1059 3143 ipsum
1078 3058 1167 3121 euim
1191 3057 1433 3122 demonstravit
1447 3058 1543 3121 arbor

487 3165 503 3192 “
527 3158 597 3223 haec
620 3157 791 3223 fructifera
820 3163 922 3244 atque
953 3158 1202 3245 pulcherrima’'
1247 3159 1330 3239 Quae
1360 3160 1480 3224 merito
1501 3159 1542 3223 ad

486 3264 639 3325 austrum
672 3260 814 3347 collapsa
841 3261 983 3346 jacebat,
1019 3260 1121 3345 juxta
1154 3259 1240 3325 illud
1270 3260 1336 3326 viri
1374 3261 1542 3347 sapientis,

486 3362 670 3447 “Lignum
700 3363 736 3426 in
776 3383 1008 3447 quamcunque
1046 3367 1175 3448 partem
1206 3362 1370 3441 ceciderit,
1401 3362 1472 3425 sivo
1501 3361 1542 3425 ad

487 3471 503 3496 “
528 3469 679 3527 austrum
703 3464 773 3526 sive
796 3463 839 3526 ad
861 3464 1059 3547 aquilonem,
1083 3464 1130 3528 ibi
1154 3462 1246 3527 erit.’'
1292 3464 1373 3528 Sive
1396 3465 1483 3528 enim
1500 3464 1541 3527 nd

487 3565 716 3628 amoenitatem
738 3563 882 3648 paradisi
906 3566 1003 3628 homo
1027 3566 1177 3641 ducatur,
1200 3588 1273 3630 cunr
1297 3566 1386 3630 cadit
1401 3567 1438 3629 in
1460 3588 1543 3630 mor·

488 3670 565 3740 tem,
589 3665 658 3727 sive
681 3665 831 3748 rapiatur
860 3665 903 3727 ad
931 3664 1098 3730 horrorem
1121 3667 1248 3744 tartari,
1271 3667 1318 3732 ibi
1342 3669 1432 3732 erit:
1466 3669 1541 3752 quin

318 3786 443 3836 Luaxvi.
488 3766 576 3828 inter
602 3764 742 3828 Abrahae
766 3765 876 3827 sinum
895 3770 929 3829 61
952 3766 1119 3831 infernum
1143 3768 1240 3833 chaos
1262 3791 1419 3855 magnum
1436 3770 1543 3833 firma-

319 3856 440 3902 211126·
489 3871 562 3930 tum
597 3871 655 3942 cst,
691 3873 728 3930 ut
762 3866 960 3931 alterutrim]
995 3869 1094 3933 semel
1131 3869 1296 3956 ingressus
1325 3871 1467 3935 transire
1501 3872 1542 3935 ad

490 3970 630 4032 alterum
669 3967 740 4032 sive
779 3973 980 4033 transmeare
1018 3971 1158 4035 ulterius
1200 3994 1268 4036 non
1305 3973 1417 4058 possit
1482 3973 1543 4037 Est

320 4085 394 4134 Matr.
406 4085 440 4134 iii.
489 4092 631 4155 namque
665 4070 935 4156 inextinguibilis
968 4072 1057 4156 ignis
1087 4073 1151 4149 illc,
1187 4074 1223 4137 in
1261 4095 1357 4158 quem
1396 4076 1545 4140 mittitur

324 4155 361 4198 ¹⁰·
490 4173 586 4236 arbor
609 4172 727 4247 excisa,
744 4194 818 4257 quae
841 4193 909 4235 non
932 4173 1013 4238 16611
1028 4173 1172 4238 fructum
1195 4175 1328 4241 bonum.
1367 4176 1451 4255 Qua
1465 4199 1545 4241 vcro

318 4291 448 4342 Jecxvn.
490 4271 669 4356 aliquando
707 4294 774 4336 non
805 4273 927 4338 desinit
963 4274 1068 4339 lacere
1098 4274 1250 4355 fructum,
1281 4277 1548 4362 transplantatur

319 4363 341 4406 ⁸'
490 4395 588 4458 super
611 4395 720 4457 aquas,
744 4379 782 4438 ut
797 4380 914 4439 aestum
938 4377 1072 4453 nesciat,
1096 4384 1135 4442 ut
1158 4377 1273 4442 solium
1295 4400 1361 4442 non
1378 4386 1489 4455 exuat,
1508 4387 1548 4445 ut

491 4476 594 4538 firmis
617 4475 861 4561 imperpetuum
885 4478 1049 4542 radicibus
1072 4479 1240 4545 subsistat.

537 4578 581 4641 Et
603 4577 685 4641 talia
708 4578 842 4662 quidem
870 4580 933 4644 iste
956 4580 996 4643 de
1023 4586 1225 4646 sacramento
1252 4581 1389 4645 visionis
1419 4604 1489 4647 sure
1513 4605 1549 4648 se

489 4680 530 4743 ad
565 4702 707 4765 praesens
739 4679 949 4760 intellexisse,
980 4704 1075 4745 manc
1107 4683 1223 4747 retulit
1254 4683 1374 4768 quibus
1406 4682 1549 4769 dignum

490 4782 588 4845 duxit
612 4805 652 4846 cx
670 4780 772 4846 sociis¹
813 4781 901 4860 Quid
919 4805 995 4847 vcro
1019 4784 1123 4848 facilis
1139 4785 1195 4847 1116
1219 4784 1345 4849 arboris
1360 4785 1551 4851 sublevatio

500 4931 622 4939 -ae-.-.
631 4931 797 4938 .......-..-—--—·
805 4931 828 4937 ι·
1154 4932 1552 4946 ——....---—-——-—----

830 5015 836 5046 ¹
851 5015 910 5080 erit]
931 5015 965 5067 So
977 5017 1053 5077 Pez.;
1071 5027 1131 5081 crat,
1144 5019 1199 5069 MS.
