4125 6334
774 1178 876 1228 1111111
898 1180 931 1242 v,
954 1180 1026 1229 cnr.
1045 1180 1119 1230 xm.
1420 1161 1484 1231 307

431 1349 559 1413 cunctis
580 1347 670 1414 illius
684 1350 820 1437 capituli
835 1352 1036 1438 presbyteris
1050 1350 1224 1427 verberati,
1239 1349 1485 1435 circumportati

432 1451 574 1535 corporis
595 1452 750 1531 membra,
777 1452 850 1538 jam
883 1476 904 1518 o
934 1452 1111 1539 putredine
1145 1450 1321 1529 tabefacta,
1343 1450 1483 1538 propriis

431 1552 593 1632 manibus,
616 1561 660 1634 et,
683 1560 723 1620 ut
745 1556 871 1620 dictum
902 1558 961 1634 est,
997 1554 1097 1620 nudis
1127 1574 1254 1640 semper
1285 1552 1484 1639 corporibus,

430 1653 467 1717 in
498 1654 660 1720 cimiterio
691 1657 834 1723 basilicae
863 1657 952 1723 unde
981 1657 1097 1721 vivum
1130 1655 1315 1721 eduxerant
1346 1654 1484 1741 sepelire

429 1760 509 1820 sunt
531 1758 642 1823 coacti
689 1757 768 1823 Post
790 1758 861 1823 heec
881 1757 1087 1823 Lincolniam
1108 1756 1207 1821 nudis
1230 1755 1369 1843 pedibus
1383 1756 1483 1832 adire,

429 1877 467 1920 ac
488 1879 557 1943 prae
578 1858 705 1923 foribus
735 1858 942 1945 singularum
971 1863 1078 1924 tantee
1104 1858 1251 1923 civitatis
1273 1857 1482 1923 ecclesiarum

429 1958 536 2022 latera
556 1960 698 2046 flagellis
729 1981 912 2047 exponere3
945 1965 981 2027 et
1010 1960 1063 2025 his
1085 1959 1211 2035 similia,
1234 1959 1379 2045 hyemali
1400 1980 1484 2046 prse-

429 2060 544 2123 sertim
566 2065 712 2147 tempore
741 2062 784 2127 ed
815 2062 1023 2128 tolerandum
1053 2062 1135 2127 setis
1156 2081 1278 2147 aspera,
1296 2060 1382 2147 jussi
1404 2065 1483 2125 sunt

429 2161 580 2246 perferre.

475 2261 559 2329 Haec
590 2262 654 2328 iste
685 2264 727 2329 de
760 2285 826 2350 quo
859 2266 976 2351 agitur,
1000 2285 1076 2330 cum
1109 2286 1197 2329 unus
1228 2270 1313 2329 esset
1344 2284 1386 2329 ex
1408 2263 1483 2342 illis,

430 2363 513 2429 ferre
534 2385 603 2429 non
623 2365 798 2444 sustinens,
814 2365 974 2453 Angliam
989 2365 1109 2431 maluit
1130 2367 1227 2444 exire,
1244 2387 1344 2451 quam
1358 2365 1485 2452 angelis

430 2486 472 2528 ex
494 2467 658 2553 condigna
678 2468 878 2554 poenitentia
901 2469 1060 2555 gaudium
1086 2468 1248 2533 exhibere.
1309 2468 1484 2543 Caeterum,

426 2565 548 2650 juxta¹
587 2569 788 2634 sententiam
826 2571 917 2635 beati
951 2569 1027 2649 Job,
1060 2576 1076 2606 “
1088 2569 1154 2649 Qui
1190 2569 1289 2634 timet
1319 2570 1653 2654 pminam,.10b.vi.1e.

430 2674 450 2703 “
471 2670 576 2735 irruet
597 2692 695 2757 super
716 2693 791 2737 eum
813 2671 915 2751 nix;''
948 2675 984 2736 et
1014 2691 1100 2757 saepe
1131 2670 1338 2756 periclitatur
1359 2670 1483 2748 morbo,

431 2770 580 2855 quinon
604 2773 734 2858 patitur
757 2793 870 2860 aspere
893 2773 1029 2839 tractari
1061 2795 1082 2837 a
1103 2772 1237 2838 medico.
1297 2771 1369 2837 Nec
1392 2771 1485 2838 dissi-
1556 2782 1610 2827 104.

431 2873 555 2938 militer
576 2874 653 2940 huic
682 2897 726 2939 ex
755 2897 814 2941 suo
844 2875 942 2941 cessit
975 2874 1117 2940 consilio.
1176 2874 1242 2954 Qui
1262 2874 1353 2940 eninr
1374 2878 1485 2939 reatus

431 2975 483 3039 sui
515 2977 624 3041 noluit
657 2976 819 3043 sustinere
850 2976 1094 3055 correctionem,
1126 2976 1207 3041 dum
1240 2976 1347 3041 adhuc
1377 2981 1484 3041 status

338 3151 344 3160 ,
431 3077 660 3164 integritatem
696 3079 808 3165 potuit
844 3080 996 3157 retinere,
1030 3078 1262 3166 ingruentibus
1292 3078 1370 3144 hinc
1406 3077 1484 3142 inde
1497 3084 1547 3163 His
1576 3152 1581 3163 ι

430 3199 529 3265 super
544 3200 619 3245 eum
641 3181 854 3246 adversitatis
877 3181 1036 3267 procellis,
1059 3202 1098 3246 eo
1117 3202 1222 3266 usque
1244 3179 1374 3245 damnis
1390 3180 1485 3245 affec·
1498 3166 1617 3203 ΝΜ·

431 3285 487 3346 tus
509 3286 560 3346 est
581 3287 616 3347 et
644 3283 745 3348 variis
774 3282 999 3360 incommodis,
1021 3285 1071 3359 ut,
1093 3283 1180 3348 sicut
1204 3282 1378 3361 asserebat,
1410 3303 1486 3346 eum

431 3384 568 3450 traderet
590 3384 671 3451 vitae
701 3406 777 3451 sues.
822 3384 958 3448 Domini
988 3405 1117 3470 quoque
1150 3383 1210 3462 sui,
1243 3384 1295 3449 cui
1328 3387 1486 3469 praestare

432 3484 625 3571 obsequium
660 3508 694 3551 se
731 3485 914 3552 arbitratus
949 3496 999 3552 est
1039 3487 1119 3551 dum
1151 3490 1266 3552 contra
1297 3485 1484 3571 episcopum

432 3587 637 3652 recalcitrare
667 3588 761 3653 nisus
795 3593 853 3667 est,
884 3589 965 3655 adeo
997 3588 1062 3654 sibi
1096 3588 1239 3675 gratim
1273 3592 1420 3654 senserat
1442 3608 1484 3651 ex
1497 3607 1524 3657 1³
1533 3607 1586 3660 dis·

432 3688 493 3753 hoc
514 3689 586 3775 ipso
609 3689 783 3768 sublatam,
798 3694 839 3755 nt
860 3712 936 3756 eum
958 3690 996 3755 in
1018 3712 1079 3756 suo
1101 3711 1160 3756 nec
1183 3690 1340 3776 obsequio
1362 3689 1485 3754 sineret
1496 3677 1589 3793 ffiffl
1599 3678 1640 3728 ¹¹¹⁸

431 3811 630 3876 permanere,
664 3813 724 3856 nec
760 3792 797 3855 in
831 3813 892 3856 suo
925 3797 1060 3878 aspectu
1091 3791 1233 3858 libenter
1270 3813 1345 3856 eum
1381 3790 1484 3855 vellet
1497 3760 1599 3860 drusae.
1709 3855 1721 3879 ,

431 3913 595 3979 apparere.
656 3893 723 3973 Qui
751 3915 901 3958 reversus
934 3894 1070 3958 tandem
1101 3894 1137 3957 in
1169 3916 1211 3973 se,
1235 3915 1333 3978 quem
1355 3893 1484 3958 censuit
1495 3907 1534 3956 At
1545 3908 1633 3972 length

431 3993 627 4078 fugiendum
650 3994 813 4060 medicum
835 3995 906 4080 jam
932 3994 1073 4059 credidit
1099 3994 1330 4081 expetendum.
1377 3993 1483 4073 Quem
1495 3974 1567 4088 {⁸¹³⁸

431 4094 569 4160 anhelus
595 4100 630 4161 et
651 4097 772 4162 anxins
794 4097 926 4162 demum
948 4096 1100 4173 invenit;
1132 4117 1153 4159 a
1179 4116 1243 4180 quo
1266 4097 1302 4159 et
1323 4093 1481 4158 medelam

426 4194 499 4281 jam
520 4196 557 4260 in
586 4198 722 4264 remotis
752 4198 861 4286 posito
894 4198 955 4263 vix
986 4193 1157 4285 percepit?
1186 4216 1285 4281 quam
1316 4196 1354 4260 in
1376 4194 1484 4259 ricino

430 4301 549 4383 sponte
564 4298 709 4364 oblatam
731 4299 897 4386 percipere
918 4298 1126 4385 contempsit.
1172 4297 1284 4363 Subiit
1301 4294 1371 4384 jam
1387 4296 1485 4362 laetus
1497 4308 1570 4402 1153
1578 4320 1646 4354 sevon

431 4401 600 4485 septennis
621 4401 781 4466 sarcinum
796 4400 1013 4489 poenitentiae,
1033 4400 1091 4487 qui
1113 4399 1296 4465 breviorem
1318 4372 1512 4484 contemp·y
1578 4372 1615 4412 W

432 4505 520 4566 serat
542 4502 729 4588 adimplere.

478 4602 527 4668 At
548 4605 687 4669 eremita
709 4607 831 4685 noster,
852 4625 927 4670 euos
949 4603 1084 4691 cupiens
1106 4604 1297 4670 coeremitas
1328 4603 1479 4679 invisere,
1496 4605 1596 4671 Hugh's

432 4724 576 4791 congruo
598 4706 678 4772 satis
708 4706 823 4772 ordine
853 4705 999 4771 nobilem
1031 4705 1128 4772 illum
1150 4706 1361 4773 eremitarum
1390 4702 1480 4789 prin·
1496 4671 1639 4802 Eme*

1524 4039 1584 4104 ugh.

1496 4421 1611 4552 ffittt

469 4956 573 5023 ¹juaeta]
605 4956 640 5009 so
661 4957 738 5019 MS.;
763 4955 829 5009 sicut
854 4956 937 5019 Juxta,
1015 4960 1026 4989 ¹
1031 4958 1158 5025 percepit]
1188 4956 1223 5009 So
1242 4956 1320 5017 Pez.;
1337 4955 1484 5021 perceperit,

433 5034 494 5085 Pes.
983 5035 1040 5089 Mn

1283 5131 1309 5179 U
1332 5118 1352 5178 2
