4125 6334
803 1190 905 1239 urana
929 1191 974 1256 1v,
997 1190 1070 1242 car.
1088 1194 1135 1244 rx,
1426 1183 1489 1246 195

438 1381 504 1445 qua
533 1361 758 1427 meditabatur
788 1371 823 1428 et
850 1367 974 1443 orabat,
1000 1367 1210 1433 reficiebatur
1232 1367 1314 1446 cibo,
1339 1372 1373 1432 et
1404 1389 1489 1433 som-

438 1486 520 1527 nuru
551 1466 706 1551 capiebat.

484 1568 566 1632 lude
596 1570 640 1633 ad
671 1569 838 1655 publicum
870 1574 1075 1659 quandoque,
1108 1579 1147 1639 ut
1177 1573 1335 1638 salutaret
1367 1574 1489 1639 adven·
1502 1587 1658 1640 ssisrauiant

438 1673 548 1735 tentes
581 1671 708 1757 sibique
734 1672 826 1758 loqui
851 1675 1028 1760 cupientes,
1053 1675 1273 1762 progrediens,
1300 1675 1488 1741 coelestibus
1502 1656 1563 1707 face.

438 1774 680 1856 quodammodo
718 1777 827 1856 radiis,
866 1800 908 1842 ex
946 1779 1109 1843 consortio
1148 1779 1306 1843 sermonis
1344 1779 1489 1858 Domini,
1503 1779 1551 1878 EJ·
1559 1780 1650 1831 xxxiv.

436 1882 607 1942 cornutam
641 1900 753 1965 gerere
784 1879 962 1966 diligenter
995 1881 1206 1947 intuentibus
1229 1881 1407 1947 videbatur
1440 1884 1488 1947 fa·
1502 1853 1533 1895 ²³

438 1980 530 2058 ciem,
554 2004 652 2066 quam
686 1983 761 2046 miri
793 1984 964 2069 cujusdam
987 1983 1107 2071 leporis
1130 1986 1294 2062 comitate,
1317 1986 1488 2073 totiusque

438 2084 606 2149 suavitate
633 2084 815 2150 dulcedinis
849 2086 1020 2174 padliabat,
1051 2089 1104 2172 [ac
1130 2088 1393 2173 colloquentibus
1424 2088 1488 2153 sibi

435 2185 580 2250 frontem
595 2188 897 2275 contemperabat].¹
945 2190 1079 2255 Interea
1094 2213 1136 2255 ex
1151 2190 1359 2255 abundantia
1381 2191 1489 2256 cordis
1501 2195 1575 2246 ulau.
1588 2197 1633 2247 xii.

437 2288 633 2373 loquebatur
668 2313 704 2354 os
735 2293 825 2376 ejus3
857 2298 993 2377 eratque
1016 2314 1122 2358 sermo
1145 2292 1217 2378 ejus
1246 2293 1283 2357 in
1313 2292 1409 2358 corde
1431 2268 1541 2359 ειη-34·

435 2391 558 2457 dientis
581 2399 691 2459 musto
717 2395 954 2480 comparabilis,
978 2396 1106 2482 ignitus
1132 2395 1287 2461 videlicet
1310 2401 1344 2461 et
1374 2396 1488 2477 dulcis,

436 2496 557 2582 qnippe
595 2520 692 2583 quem
726 2498 959 2563 introduxerat
996 2521 1056 2563 rex
1092 2499 1129 2562 in
1166 2499 1281 2563 cellam
1319 2499 1489 2564 vinariam.
1503 2519 1573 2570 Cant.
1586 2521 1612 2569 ii.
1625 2528 1648 2570 a

436 2598 513 2677 Qui,
531 2600 632 2685 juxta
655 2600 842 2665 ordinatam
867 2602 902 2664 in
929 2622 967 2665 eo
991 2601 1155 2665 divinitus
1179 2601 1361 2681 unitatem,
1386 2601 1490 2666 omni·

435 2705 499 2769 bus
521 2707 728 2794 propinabat,
745 2713 927 2794 prostatus
950 2707 1001 2772 sui
1022 2712 1057 2772 et
1073 2707 1197 2772 ordinis
1220 2707 1397 2793 exigentia,
1415 2708 1489 2773 doc-

435 2808 533 2873 trinae
548 2810 703 2874 salutaris
717 2810 880 2896 poculum,
897 2810 993 2875 melle
1009 2810 1144 2896 quidem
1159 2809 1302 2898 coelestis
1318 2810 1489 2895 sapientire

416 2912 615 2988 conditum,
639 2913 696 2977 sed
720 2912 926 2978 discretionis
949 2913 1125 2977 libramine
1147 2915 1376 2998 temperatum.

482 3014 570 3078 Nam
602 3016 694 3080 laicis
727 3020 827 3101 atque
858 3016 1066 3092 secularibua,
1100 3015 1257 3101 angelicae
1280 3016 1376 3080 illius
1408 3016 1488 3082 vitro

433 3122 561 3182 statum
584 3119 858 3196 collaudantibus
882 3119 972 3184 etde
993 3142 1061 3186 suae
1084 3120 1259 3185 mundanae
1283 3118 1363 3184 vitae
1385 3119 1488 3206 impe-

432 3220 592 3286 dimentis
625 3223 910 3308 conquerentibus
946 3244 1027 3308 quos
1061 3228 1175 3287 tamen
1208 3244 1269 3287 nec
1308 3222 1393 3286 velle
1427 3243 1488 3286 nec

432 3346 528 3412 posse
559 3326 658 3390 sciret
688 3326 730 3389 ad
759 3324 953 3411 perfectiora
978 3324 1138 3390 instituta
1167 3324 1304 3390 vivendi
1338 3324 1488 3401 transire,

431 3428 622 3512 hujusmodi
648 3428 835 3514 proferebat
868 3429 1128 3494 instructionem.
1178 3425 1314 3492 “Haud
1353 3424 1488 3504 solum,”
1546 3449 1576 3492 58
1589 3445 1612 3492 b.

434 3530 555 3616 inquit,
579 3532 765 3610 “monachi,
790 3532 847 3596 scd
876 3553 937 3597 nec
960 3532 1107 3598 eremitae
1133 3529 1365 3596 tantummodo
1388 3533 1487 3614 atquc
1500 3543 1644 3622 nisteron-

432 3633 616 3698 “solitarii
649 3640 892 3719 consequentur
925 3657 1063 3721 regnum
1099 3636 1170 3700 Dei.
1227 3632 1379 3719 Denique
1413 3654 1486 3697 cum
1500 3619 1647 3727 {ffiffis

433 3745 450 3770 “
477 3758 741 3822 unumquemque
760 3737 926 3823 judicabit
946 3738 1118 3816 Dominus,
1142 3757 1350 3823 nequaquam
1372 3735 1408 3799 id
1431 3757 1487 3800 ex·
1500 3744 1596 3795 ticlife.

434 3847 453 3874 “
477 3839 667 3925 postulabit,
686 3841 774 3925 quod
798 3842 934 3906 eremita
957 3843 1095 3927 quisque
1117 3862 1184 3904 non
1214 3839 1315 3904 fuerit
1338 3843 1397 3902 aut
1420 3859 1488 3902 mo

433 3949 454 3977 “
479 3944 620 4024 nachus;
642 3943 700 4007 sed
724 3944 785 4008 hoc
804 3946 916 4030 potius
939 3944 1078 4029 reprobo
1101 3943 1218 4029 cuique
1242 3940 1487 4028 exprobrabitur,

433 4056 451 4080 “
476 4046 564 4132 quod
594 4047 729 4112 minime
760 4048 911 4113 extiterit
934 4048 1096 4113 veraciter
1126 4044 1344 4112 Christianus.
1398 4043 1487 4106 Nam

434 4159 451 4184 “
476 4148 542 4213 tria
565 4150 715 4235 quaedam
749 4173 769 4215 a
800 4150 948 4237 quolibet
971 4156 1050 4216 sunt
1080 4148 1245 4237 exigenda
1276 4146 1466 4212 Christiano
1478 4170 1487 4225 ;

433 4262 450 4286 ‘³
476 4273 518 4316 ex
541 4254 660 4339 quibus
684 4254 713 4317 si
735 4253 788 4318 vol
811 4276 915 4318 uuum
938 4254 989 4318 illi
1012 4275 1086 4320 cura
1105 4251 1313 4338 judicabitur
1336 4249 1485 4327 defuerit,

432 4364 452 4388 “
476 4378 596 4421 nomen
619 4357 669 4421 illi
696 4356 922 4422 Christianum
954 4356 1106 4443 prodesse
1138 4377 1206 4421 non
1239 4353 1372 4420 valebit.
1419 4353 1487 4416 No

433 4470 449 4494 ‘²
476 4460 563 4526 ccbit
596 4463 707 4548 potius
738 4483 859 4527 nomen
893 4461 962 4526 sinc
997 4484 1042 4539 re,
1074 4461 1152 4547 quia
1186 4458 1407 4525 damnabilior
1436 4462 1487 4522 est

432 4569 452 4598 “
475 4561 602 4629 falsitas
634 4565 670 4628 in
704 4565 856 4629 veritatis
888 4564 1072 4650 professore.
1128 4563 1287 4651 Exigitur
1312 4566 1423 4627 autem
1447 4565 1487 4625 ut

432 4670 453 4701 “
477 4665 584 4732 virtus
623 4673 658 4732 et
692 4668 815 4733 veritas
858 4667 1020 4733 habeatur
1052 4665 1165 4732 beati²
1196 4664 1339 4735 nominis
1380 4662 1486 4748 hujus,
1500 4671 1647 4722 Theneces-

561 4770 567 4783 ,
658 4771 666 4786 .
754 4771 761 4785 ,
1138 4771 1145 4785 .
1225 4770 1233 4786 .
1464 4740 1655 4803 ·sityoflove‚

433 4774 453 4804 “
479 4775 634 4854 quatinus
656 4771 883 4837 rndesruenter
905 4776 1059 4837 teneatur
1082 4775 1201 4836 cantas
1223 4792 1261 4835 m
1283 4767 1388 4844 cordo,
1403 4787 1577 4864 verr-mh,
1589 4806 1638 4854 and

1426 4931 1464 4936 Μ
1498 4872 1615 4936 chastity.

445 4934 496 4941 ι-
667 4935 820 4942 -———-.——
1054 4937 1061 4942 .
1079 4937 1110 4942 -
1150 4936 1274 4943 ——-
1291 4935 1330 4941 .—

469 5015 475 5043 ¹
488 5031 519 5065 ac
538 5051 584 5069 ...
602 5016 808 5085 concorporatae]
834 5017 889 5069 Not
909 5017 936 5067 in
1017 5016 1116 5085 ²beab]
1130 5013 1231 5069 SoMs.
1243 5017 1294 5067 and
1302 5011 1391 5066 Sarius
1400 5031 1407 5072 ;
1417 5007 1488 5071 boni,

430 5092 507 5154 MS.;
524 5096 605 5147 added
615 5097 681 5147 from
691 5097 755 5149 Pez.
984 5096 1044 5149 Per.
1335 5174 1357 5237 2

1287 5189 1312 5239 N
