4125 6334
596 1097 660 1162 162
816 1109 898 1159 vrri
921 1111 946 1159 s.
970 1110 1127 1160 nunonis
1149 1109 1422 1162 arroonrmrsrs.

429 1298 491 1349 Luc.
503 1298 520 1347 i.
532 1303 572 1348 ιι.
595 1306 654 1349 suo
675 1286 767 1372 prius
790 1286 918 1351 dedisse
950 1285 1073 1372 legitur
1097 1284 1254 1371 spiritum
1287 1284 1406 1371 gratim
1436 1304 1538 1370 quam
1562 1280 1652 1347 -vitae

597 1409 662 1473 quo
684 1387 843 1453 allateret
874 1410 916 1465 se,
940 1388 1031 1474 prius
1062 1386 1158 1453 daret
1188 1386 1337 1474 parvulis
1367 1385 1528 1451 cultorem
1553 1404 1651 1450 snum

597 1512 771 1577 agnoscere
794 1512 893 1576 quam
916 1511 1009 1576 posse
1039 1488 1225 1576 intelligere
1252 1510 1293 1555 se.
1341 1488 1472 1574 Quique
1498 1485 1653 1553 benedie-

430 1609 527 1659 Μαι·
502 1626 537 1659 ιιι.
547 1614 585 1660 ιο
598 1598 671 1660 tum
692 1614 830 1680 regnum
852 1615 948 1659 suum
970 1616 992 1658 a
1012 1591 1123 1679 pueris
1148 1590 1369 1658 Hebraeorum
1390 1590 1501 1656 voluit
1532 1589 1653 1656 collan-

431 1713 505 1764 Mea
516 1729 570 1763 ιιι
598 1695 768 1783 dari,1pse
794 1694 911 1761 militis
932 1694 985 1762 sui
1011 1694 1052 1760 de
1082 1694 1176 1760 hoste
1198 1698 1332 1760 versuto
1355 1691 1571 1779 triumphum,
1593 1712 1653 1808 ρει

597 1802 733 1864 aetatem
762 1797 904 1864 similem
933 1796 977 1863 ab
1009 1795 1102 1862 illius
1131 1796 1309 1882 tyrannide
1339 1798 1493 1882 potenter
1531 1794 1652 1881 saepius

598 1901 782 1980 liberatam,
816 1899 952 1966 sublimi
983 1898 1148 1985 praeoonio
1179 1898 1326 1966 decrevit
1359 1896 1533 1983 propalari.
1586 1894 1651 1976 Qui

599 2004 700 2068 etiam
722 2026 743 2067 a
764 2002 900 2088 nuptiis,
926 2002 999 2066 vini
1030 2024 1073 2067 ex
1095 2023 1183 2087 aqua
1205 2000 1284 2066 faeti
1307 1998 1507 2066 consecratis
1528 1999 1653 2086 pariter

451 2114 465 2122 “
500 2124 505 2135 ·
599 2113 632 2172 et
647 2105 826 2173 laetificatis
839 2104 1007 2184 miraculo,
1023 2103 1067 2169 ad
1083 2104 1257 2169 coelibatus
1271 2103 1415 2190 gratiam
1435 2124 1494 2190 per
1509 2101 1651 2189 seipsum

599 2232 694 2275 suum
717 2209 877 2273 invitavit
898 2207 1048 2272 futurum
1075 2203 1336 2294 evangelistam¹
1360 2211 1442 2271 tunc
1467 2203 1652 2271 adolescen-

599 2320 676 2389 tem,
708 2313 779 2398 ipse
812 2333 871 2397 per
905 2309 1114 2375 infidelitatis
1145 2314 1310 2398 torporem
1341 2308 1414 2396 jam
1444 2308 1651 2375 deficientem

594 2416 761 2501 juvenem,
785 2413 969 2479 carnalibus
995 2413 1037 2477 de
1068 2418 1185 2479 caetero
1212 2412 1451 2477 valefacturum
1481 2411 1652 2492 illecebriS,

490 2534 530 2578 ⁴5.
599 2518 642 2582 ad
664 2517 742 2583 fidei
757 2517 906 2598 calorem,
930 2516 1064 2603 speique
1085 2514 1241 2581 laetitiam
1264 2514 1434 2581 revocavit
1454 2536 1514 2602 per
1537 2513 1652 2601 Hugo·

600 2643 682 2685 nem.
730 2620 832 2706 Hugo
853 2620 938 2685 bene
960 2617 1114 2698 vivendo,
1137 2639 1300 2704 suumque
1322 2621 1491 2683 auctorem
1521 2617 1654 2683 benedi-

433 2732 491 2782 ιοι).
504 2735 577 2785 xxxi.
600 2724 711 2804 cende,
725 2722 880 2810 implevit
903 2721 986 2787 illud
1009 2720 1248 2809 propheticum,
1265 2718 1352 2786 “Per
1370 2720 1518 2808 singulos
1532 2720 1654 2807 gradus

431 2803 472 2849 ³⁷·
599 2834 618 2863 “
641 2848 730 2892 meos
752 2825 975 2914 pronuntiabo
996 2824 1100 2890 eum.¹'
1145 2823 1300 2889 Vicissim
1323 2845 1453 2910 quoque
1476 2823 1565 2888 idem
1588 2822 1654 2889 Do

599 2930 709 2994 minus
724 2935 759 2993 et
780 2934 897 2993 auctor
919 2948 999 2992 suus
1021 2927 1058 2991 in
1082 2926 1221 3013 singulis
1244 2930 1385 2992 aetatum
1407 2925 1567 3013 gradibus
1581 2948 1654 3013 gra·

433 3057 475 3105 Ps.
488 3056 585 3107 cxlviii.
599 3030 743 3095 tilicavit
767 3035 801 3095 et
823 3028 1023 3118 glorificavit
1054 3051 1129 3094 eum
1141 3053 1149 3109 ;
1181 3033 1221 3094 ut
1244 3050 1336 3094 senes
1366 3050 1440 3095 cum
1463 3028 1653 3115 junioribus

434 3129 470 3171 ¹²·
600 3133 737 3198 laudent
760 3154 881 3199 nomen
906 3131 985 3218 ejus,
1008 3132 1045 3196 in
1072 3131 1224 3197 omnibus
1247 3131 1413 3197 laudabile
1436 3136 1539 3218 atque
1565 3154 1654 3219 mag-

601 3236 743 3313 nificum,
767 3259 826 3324 per
848 3236 1039 3323 largifluum
1061 3236 1179 3322 gratiae
1201 3256 1270 3301 suae
1293 3234 1425 3301 donum.

647 3341 733 3420 Quia
761 3362 840 3404 vero
870 3361 913 3404 ex
943 3337 1127 3425 praelibatis
1153 3338 1224 3423 jam
1256 3337 1322 3401 ista
1352 3342 1543 3425 patuerrmt,
1575 3337 1653 3425 quid

600 3449 705 3508 restat
727 3443 825 3506 modo
847 3441 913 3505 nisi
935 3447 975 3505 ut
998 3464 1038 3506 ea
1053 3464 1127 3527 quae
1150 3463 1208 3527 per
1230 3462 1363 3505 servum
1386 3462 1482 3505 auum
1502 3440 1546 3505 ad
1568 3463 1655 3506 oom-

601 3568 734 3608 munem
763 3544 943 3628 utriusque,
967 3545 1018 3608 sui
1043 3544 1198 3609 videlicet
1220 3550 1254 3609 et
1277 3544 1379 3630 ipsius
1404 3544 1554 3630 gloriam,
1581 3567 1655 3630 pas·

602 3648 662 3709 sim
692 3647 855 3710 Dominus
888 3646 923 3709 in
950 3645 1149 3731 quibusdam
1184 3648 1339 3734 personia,
1364 3646 1477 3728 musis,
1502 3647 1655 3734 tempori·

601 3750 671 3826 bue,
695 3759 730 3814 ot
760 3750 846 3829 loeis,
871 3748 1045 3836 magnifiee
1076 3750 1187 3836 gessit,
1214 3755 1381 3815 tentemus
1403 3750 1456 3815 vel
1488 3772 1530 3816 ex
1561 3756 1654 3838 parto

601 3854 744 3933 referre;
776 3875 813 3917 ac
837 3853 970 3917 demum
993 3852 1139 3939 qualiter
1161 3874 1236 3917 eum
1259 3853 1293 3917 in
1317 3859 1486 3918 senectute
1512 3853 1599 3918 bona
1622 3859 1655 3918 et

601 3956 794 4033 venerabili,
830 3978 1018 4042 quanquam
1050 3956 1159 4019 minus
1192 3956 1357 4032 diuturna,
1394 3955 1535 4021 feliciter
1567 3956 1654 4044 quie·

599 4066 744 4126 seentom
778 4061 814 4123 in
846 4061 1003 4177 gaudium
1029 4081 1125 4124 suum
1158 4059 1338 4137 admiserit,
1363 4060 1554 4123 studeamus
1576 4060 1654 4124 inti·

431 4157 578 4275 affige
601 4169 714 4228 marte
777 4163 838 4249 Ouj
841 4164 947 4227 usin
949 4169 1000 4227 t·e1
1037 4163 1102 4226 alia
1136 4162 1272 4247 pietatis
1310 4162 1463 4249 insignia,
1494 4168 1653 4248 quantam

431 4291 506 4350 sicr„
524 4294 574 4340 and
602 4272 769 4353 aegrotant
755 4187 844 4332 tibqu
867 4289 988 4344 curam,
1019 4271 1178 4353 quantam
1208 4266 1308 4353 leprae
1340 4266 1440 4330 etiam
1464 4263 1543 4330 tabe
1566 4265 1655 4331 labo·

430 4329 547 4420 oflessers
599 4370 753 4434 rantibus
781 4368 1025 4456 benignitatem
1053 4369 1262 4455 impenderit,
1288 4368 1363 4455 quis
1390 4368 1489 4455 digne
1516 4390 1654 4435 comme-

431 4425 572 4489 especially.

601 4557 981 4566 —————...-—.
993 4556 1148 4562 .-------
1282 4557 1353 4562 ....-
1380 4557 1411 4561 .—
1427 4556 1464 4561 ...κ
1489 4556 1496 4559 -
1517 4557 1539 4561 --
1554 4558 1646 4564 -.—.--

632 4670 836 4736 ¹eeonqelislam]
873 4668 941 4729 Via,
963 4669 1000 4720 st.
1020 4667 1098 4719 John.
1148 4669 1199 4717 and
1207 4668 1319 4720 thatthis
1328 4670 1452 4719 desertion
1463 4685 1515 4721 was
1527 4669 1572 4721 the
1580 4685 1653 4721 cause

598 4752 681 4802 There
693 4767 745 4799 was
764 4766 780 4798 a
797 4747 916 4797 tradition
928 4747 983 4796 that
999 4746 1032 4796 he
1050 4748 1099 4796 and
1148 4749 1179 4796 os
1187 4748 1232 4797 her
1244 4750 1334 4813 falling
1346 4749 1399 4798 into
1412 4750 1460 4800 sin.
1496 4750 1652 4813 See,sorin-

598 4833 635 4882 St.
647 4832 721 4894 Mar-y
733 4828 870 4892 Magdalen
881 4842 946 4877 were
957 4826 1000 4875 the
1017 4826 1099 4875 bridal
1148 4835 1242 4890 alance,
1259 4829 1302 4879 the
1320 4828 1397 4879 Liber
1414 4829 1556 4888 Perticalis,
1574 4834 1653 4881 ander

566 4920 568 4925 '
597 4911 685 4974 couple
695 4918 721 4959 nt
740 4908 781 4958 the
799 4905 925 4970 marriage
945 4906 971 4954 in
984 4906 1054 4957 Cana
1074 4907 1104 4955 of
1148 4906 1192 4957 the
1204 4909 1281 4958 feasts
1292 4910 1323 4957 of
1329 4910 1372 4959 the
1384 4910 1528 4975 Epiphany,
1537 4911 1573 4962 St.
1582 4912 1600 4962 J
1602 4911 1651 4961 obn

597 4992 695 5040 Galilee
708 5010 715 5047 ι
733 4989 787 5038 that
798 4986 901 5036 bathen
912 4988 962 5037 and
974 4987 1044 5036 thera
1054 4987 1099 5036 left
1148 4987 1190 5037 the
1202 4987 1359 5054 Evangelia,
1371 4992 1422 5042 and
1440 4991 1476 5043 St
1489 4990 1567 5056 Mary
1579 4992 1652 5052 Mag·

596 5069 637 5118 hia
645 5069 731 5132 virgin
739 5068 810 5119 bride
816 5073 842 5118 at
853 5066 952 5119 theoall
965 5067 996 5118 of
1003 5067 1098 5130 Christ,
1148 5069 1230 5120 dalea.
