4125 6334
773 1160 876 1211 mana
897 1161 929 1222 v,
953 1158 1026 1212 cnr.
1043 1160 1144 1211 ιιιιιι.
1416 1150 1482 1215 363

430 1339 567 1422 Deoque
600 1343 635 1404 et
668 1340 782 1402 sancto
819 1336 922 1422 ipsius
959 1336 1084 1402 famulo
1121 1337 1259 1402 devotas
1298 1337 1481 1423 gratiarum

429 1441 575 1505 actiones
619 1462 679 1527 pro
724 1439 785 1504 tali
823 1438 1046 1505 consolatione
1083 1439 1315 1506 indesinenter
1351 1440 1484 1505 studeat

429 1541 556 1608 referre.

790 1787 999 1855 carmon
1022 1786 1116 1854 xlx

431 1964 482 2029 De
503 1958 696 2046 mutiplici
716 1958 829 2025 decere
853 1958 997 2044 faecenia
1017 1957 1134 2045 qaas
1144 1983 1158 2039 ;
1190 1965 1221 2023 et
1243 1958 1285 2024 de
1307 1958 1487 2024 curatione

521 2062 676 2149 ejusdcm.
722 2063 767 2126 Bt
790 2058 831 2127 de
853 2058 907 2125 aa
929 2080 1003 2145 qacoe
1025 2059 1130 2125 obiter
1143 2081 1248 2146 awqace
1263 2060 1487 2126 Ltaoolaa’om

523 2163 616 2231 eirca
638 2183 761 2248 corpus
786 2161 994 2228 occiderant.
1041 2161 1184 2227 Nesaea
1213 2168 1243 2228 et
1273 2162 1312 2227 de
1344 2184 1486 2228 oceanea

521 2286 641 2350 regemn
663 2263 825 2345 dammae,
859 2268 890 2328 et
921 2262 1077 2329 altorum
1100 2262 1308 2330 acimaas
1329 2264 1483 2329 ctrmnaa

522 2364 850 2445 immaturam,
881 2364 943 2451 aaa·
975 2365 1149 2452 abaco
1174 2364 1301 2450 feretro
1333 2364 1489 2432 baowroe

524 2468 680 2535 οειιαιιιιι
700 2465 946 2553 supponebant.

482 2624 548 2690 Sed
574 2625 646 2710 jam
669 2631 801 2710 tempus
832 2628 882 2688 est
914 2628 955 2687 ut
989 2621 1073 2688 eoelo
1105 2627 1273 2710 receptum
1307 2646 1366 2711 pro
1396 2630 1489 2710 parte

434 2727 562 2813 potiore
586 2726 725 2791 Martini
747 2725 971 2812 pedisequum,
988 2730 1087 2791 terrae
1111 2746 1240 2813 quoque
1255 2748 1315 2813 pro
1337 2726 1489 2791 inferiore

435 2830 488 2894 sui
510 2829 659 2914 po1tione
675 2832 896 2893 monstremus
918 2828 1193 2894 commendatum.
1240 2828 1306 2909 Qui
1329 2827 1416 2907 licet,
1430 2829 1491 2894 hoe

435 2931 568 3019 gemino
591 2935 724 2995 arcente
739 2931 929 3016 receptorio,
953 2936 1043 2996 terra
1057 2929 1213 2995 videlieet
1228 2935 1262 2996 et
1277 2930 1368 3009 coelo,
1385 2931 1490 2996 videri

436 3056 458 3098 a
480 3033 574 3098 nobis
596 3032 685 3097 ultra
706 3052 775 3096 non
797 3031 910 3118 possit,
940 3032 1035 3097 nobis
1058 3036 1170 3097 tamen
1199 3031 1255 3097 ille
1284 3052 1353 3096 nou
1375 3031 1490 3111 deerit,

437 3134 524 3200 sicut
546 3156 589 3199 ex
610 3132 788 3220 praemissis
811 3132 978 3198 visionum
1010 3133 1142 3198 indiciis
1173 3133 1295 3219 patuit,
1327 3134 1356 3198 si
1381 3155 1491 3198 amore

437 3258 613 3323 sequamur
636 3256 702 3322 quo
736 3235 941 3321 sequendum
971 3256 1005 3299 se
1040 3235 1159 3300 docuit.
1206 3233 1273 3300 Sed
1302 3257 1363 3300 nec
1385 3236 1489 3300 solum

438 3338 537 3403 nobis
560 3337 726 3423 quondam
749 3336 960 3423 peculiariter
989 3335 1066 3415 suis,
1093 3336 1195 3401 immo
1225 3358 1286 3401 neo
1308 3337 1491 3423 quibusque

439 3440 531 3506 fideli
554 3462 664 3505 amore
694 3439 917 3526 sequentibus,
950 3459 985 3503 se
1018 3458 1166 3523 unquam
1196 3437 1387 3504 defuturum
1420 3439 1491 3527 ipse
1566 3465 1604 3505 ·‹.

440 3542 611 3609 ostendit:
635 3540 694 3628 qui
716 3562 796 3606 mox
818 3540 901 3606 coelo
923 3544 1085 3626 receptus,
1114 3544 1212 3605 terrae
1243 3561 1322 3605 vero
1351 3541 1492 3606 necdum

440 3645 699 3724 commendatus,
732 3643 825 3708 miris
847 3643 1017 3708 virtutum
1051 3641 1204 3730 insigniis
1235 3642 1282 3707 eis
1316 3665 1350 3709 se
1382 3643 1493 3709 docuit

440 3751 637 3834 praesentem
668 3750 703 3810 et
732 3744 912 3823 viventem,
936 3744 994 3830 qui
1017 3749 1187 3810 mortuum
1218 3765 1295 3809 eum
1323 3746 1492 3832 lugebant,

441 3848 633 3933 flebantque
654 3846 761 3913 veluti
783 3846 847 3911 sibi
870 3845 1048 3911 absentem.
1094 3845 1144 3910 De
1160 3846 1212 3910 his
1226 3846 1337 3932 aliqua
1360 3848 1494 3913 inferior

441 3951 595 4036 loquetur
617 3948 747 4036 pagina

488 4052 608 4139 Igitur,
642 4054 742 4138 prout
773 4071 873 4137 supra
900 4048 1080 4128 docuimus,
1109 4053 1294 4135 postquam,
1319 4051 1381 4116 sub
1404 4052 1544 4138 pacisa
1541 4085 1591 4131 pra
1593 4087 1635 4133 ,p

443 4155 580 4230 cantico,
609 4152 699 4240 pacis
721 4156 850 4218 amator
876 4156 911 4216 et
942 4150 1138 4216 reformator
1162 4150 1295 4236 Hugo
1286 4174 1323 4218 m
1344 4174 1433 4239 paee,
1456 4154 1491 4217 in
1506 4140 1562 4184 ³⁴⁵·

445 4257 589 4342 idipsum
613 4252 865 4333 obdormiens,'
857 4274 893 4317 m
916 4252 1059 4318 Domino
1086 4251 1260 4337 requievit,
1285 4255 1398 4340 paucis
1420 4277 1493 4321 suo-
1506 4290 1580 4383 0121„ss
1588 4295 1614 4335 f

444 4381 518 4423 rum
556 4355 753 4433 astantibus,
792 4353 1087 4420 commendationis
1117 4354 1258 4419 officium
1288 4356 1320 4422 ei
1349 4351 1556 4444 parntes
1506 4390 1555 4432 a
1557 4392 1589 4440 ,ιιι
1558 4345 1662 4463 ’Ὓιιιῖγ

445 4466 558 4525 nostra
581 4480 647 4543 qua
661 4457 779 4574 potuit
764 4456 979 4522 tdevotione
1001 4455 1152 4521 exsolvit
1200 4457 1290 4522 Hinc
1315 4459 1359 4523 ad
1382 4460 1494 4525 lovan·
1508 4490 1523 4533 a
1506 4435 1664 4534 ''iillum''

446 4563 534 4641 dum,
549 4560 668 4626 sieut
658 4582 729 4647 1pse
752 4559 969 4646 disposuerat,
984 4578 1101 4645 corpus
1116 4557 1195 4643 ejus,
1210 4580 1328 4625 manus
1342 4557 1622 4653 indignasgfhed·

446 4663 667 4751 apposuimus.
708 4661 813 4741 Quod,
828 4660 888 4725 ubi
911 4660 1076 4726 nudatum
1099 4666 1158 4738 est,
1175 4682 1273 4778 supra
1295 4682 1393 4748 quam
1409 4663 1617 4751 eredimfflml

446 4770 557 4853 posset
580 4763 751 4843 mundum,
786 4763 956 4847 multoque
978 4762 1088 4827 nitore
1120 4764 1330 4849 conspicuum
1359 4786 1496 4851 appare·
1508 4760 1645 4859 ssffghtnd

447 4867 514 4933 bat.
559 4867 726 4932 Ablutum
749 4886 828 4932 vero
850 4871 885 4931 et
908 4864 1085 4951 diligenter
1107 4870 1273 4930 extersum
1299 4866 1496 4982 pontificali-

446 4970 509 5036 bus
530 4968 732 5034 induimus
723 4967 881 5055 msigniis.
940 4966 1075 5034 Interea
1096 4968 1227 5047 reversi,
1259 4989 1341 5053 quos
1364 4968 1435 5055 ipse
1457 4940 1576 5043 uellit
1574 4943 1642 5037 illan

450 5073 595 5138 diximus
618 5072 659 5136 ad
684 5071 902 5137 celebratores
924 5070 1139 5156 exequiarum
1163 5090 1297 5135 suarum
1322 5075 1497 5141 accersien-
1508 5044 1595 5088 asnaa
1596 5047 1641 5089 ’Μ
