4125 6334
826 1149 928 1201 arsen
951 1150 987 1215 11,
1010 1153 1081 1204 cnr.
1107 1155 1139 1202 x.
1456 1142 1498 1203 85

444 1322 522 1388 inde
549 1325 765 1410 reportabant
785 1325 984 1392 documenta
998 1349 1088 1393 sanae
1107 1326 1352 1408 instructionis;
1377 1327 1499 1414 quique
1511 1342 1643 1422 discipline

443 1425 568 1492 ibidem
583 1427 689 1492 affatu
704 1429 937 1514 replebantur¹
954 1428 1018 1516 piae
1030 1429 1225 1496 devotionis.
1273 1430 1364 1495 Hinc
1377 1430 1498 1509 subito,
1510 1409 1664 1462 ΝΜ·

442 1551 503 1613 per
539 1551 653 1595 omnes
691 1530 876 1597 Britanniae
908 1533 1000 1609 fines,
1034 1538 1158 1599 sanctae
1196 1531 1295 1618 hujus
1333 1532 1498 1619 opinionis

443 1631 625 1718 fragrantia
654 1634 802 1699 suaviter
826 1634 958 1711 diffusa,
980 1635 1160 1700 multorum
1191 1636 1371 1721 praecordia
1393 1640 1498 1702 tantae

443 1733 626 1799 dulcedinis
651 1734 816 1801 afficiebat
837 1737 954 1823 gretia,
981 1743 1021 1802 ut
1043 1738 1109 1802 viri
1131 1737 1358 1814 literatissimi,
1381 1736 1498 1803 variis·
1510 1753 1631 1807 nminem

443 1858 506 1921 que
544 1836 731 1903 redditibus
772 1838 879 1915 ditati,
916 1838 1039 1904 relictis
1076 1838 1174 1924 hujus
1208 1838 1325 1905 mundi
1359 1840 1496 1927 pompis,
1509 1831 1656 1939 ffissffl

442 1945 566 2004 sanotae
603 1946 638 2006 et
676 1940 810 2006 sincerae
846 1940 936 2007 illius
974 1941 1233 2007 conversationis
1274 1942 1496 2009 bumilitatem

442 2046 515 2106 tota
537 2042 712 2108 devotione
743 2049 945 2130 expeterent,
969 2049 1105 2129 totaque
1136 2043 1307 2111 alacritate
1338 2045 1496 2111 subirent.

442 2144 640 2211 Gaurlebant
662 2146 877 2211 illustrissimi
907 2146 1155 2232 disciplinarum
1185 2145 1405 2212 secularium²
1427 2169 1495 2212 rna-

441 2246 546 2332 gistri,
569 2247 630 2312 sub
654 2249 742 2314 tanti
766 2247 956 2335 magisterio
979 2249 1122 2315 doctoris
1144 2249 1227 2313 illud
1251 2250 1386 2336 implere
1416 2271 1494 2336 apo·

442 2348 614 2430 stolicum;
653 2351 724 2416 “Si
762 2351 837 2436 quis
871 2351 1005 2417 videtur
1043 2352 1131 2416 inter
1162 2373 1222 2417 vos
1254 2351 1385 2437 sapiens
1416 2374 1494 2429 esse,
1510 2369 1521 2413 1
1535 2362 1642 2418 coeii,

443 2454 605 2518 “stultus
637 2453 796 2518 efficiatur
831 2459 869 2518 ut
902 2453 948 2519 sit
981 2453 1137 2540 sapiens.”
1183 2453 1348 2519 Abdicato
1381 2453 1495 2539 itaque
1510 2436 1548 2481 ¹⁸·
1565 2504 1605 2548 20·

441 2577 529 2620 vana
549 2557 667 2621 mundi
689 2556 861 2643 sapientia,
884 2557 945 2621 sub
977 2556 1151 2643 disciplina
1172 2556 1383 2642 praeceptoris
1412 2557 1494 2622 adeo

441 2658 539 2733 docti,
562 2658 748 2723 efficiuntur
770 2663 805 2722 et
827 2658 891 2744 ipsi
913 2658 1069 2723 docibiles
1093 2657 1166 2735 Dei,
1192 2658 1360 2723 tramitem
1384 2658 1661 2735 (ibris-pomis,

440 2760 541 2825 tianae
576 2760 789 2846 philosophiae
822 2759 1046 2824 indeclinabili
1079 2760 1160 2825 vitre
1198 2764 1368 2845 carpentes
1398 2760 1494 2825 recti-

441 2862 565 2927 tudine.
626 2862 789 2927 Nonnulli
812 2884 943 2948 quoque
974 2884 1015 2927 ex
1046 2861 1288 2938 monachorum,
1311 2883 1437 2928 necnon
1460 2867 1495 2928 et

440 2965 629 3030 clericorum
660 2965 830 3030 ordinibus
863 2964 1074 3053 regularium,
1098 2965 1160 3030 sub
1189 2964 1340 3054 virgam³
1366 2965 1495 3031 solertis

440 3091 474 3133 se
498 3069 673 3133 transferre
695 3068 872 3155 cupiebant
894 3067 1044 3154 pastoris,
1067 3069 1174 3154 sagaci
1201 3068 1359 3133 nimirum
1382 3069 1494 3135 animo

441 3171 690 3258 perpendentes,
714 3191 877 3258 corporeae
900 3171 1035 3255 quidem
1058 3192 1187 3257 pascuae
1202 3171 1402 3252 ariditatem,
1419 3195 1494 3258 quse

440 3296 540 3360 penes
562 3296 637 3339 eum
659 3273 893 3359 reperiebatur,
908 3272 1110 3359 pinguedine
1132 3272 1314 3359 spiritualis
1328 3273 1494 3341 alimoniae

441 3376 575 3443 uberius
596 3377 805 3463 compensari.

488 3480 703 3567 Experientia
726 3480 863 3545 docento
893 3479 1084 3545 sentiebant
1115 3477 1298 3554 manifeste,
1322 3478 1451 3566 longius
1473 3503 1494 3543 a

442 3588 572 3669 pastore
593 3582 658 3647 isto
689 3582 780 3646 illam
805 3581 943 3667 relegari
968 3580 1333 3666 maledictionemque
1355 3580 1494 3647 mulcta-

312 3768 314 3771 ·
442 3686 556 3751 turin
578 3684 663 3749 libro
693 3683 783 3748 beati
805 3682 882 3758 Job,
905 3683 963 3767 qui
987 3691 1007 3719 “
1019 3683 1115 3769 pavit
1147 3682 1303 3760 sterilem,
1326 3688 1360 3747 et
1382 3682 1493 3749 viduae
1506 3722 1567 3773 iot.
1580 3721 1652 3773 xxiv.

443 3794 461 3823 “
484 3809 551 3852 non
588 3784 776 3851 benefecit”
842 3784 955 3870 Hujus
992 3786 1114 3871 quippe
1151 3785 1213 3849 sub
1251 3785 1494 3871 dispensatione
1506 3794 1548 3838 21·

442 3890 590 3976 pastoris,
614 3887 683 3953 baec
705 3886 776 3951 vice
792 3907 888 3951 versa
910 3886 1040 3967 sterilis,
1064 3886 1105 3950 de
1128 3907 1193 3970 qua
1216 3891 1250 3951 et
1272 3907 1331 3973 per
1354 3887 1493 3972 seipsam

444 3991 565 4056 veritas
587 3990 677 4068 dicit,
701 3986 814 4054 “(laro
836 4008 904 4053 non
927 3987 1060 4074 prodest
1079 3986 1286 4072 quidquam,’'
1309 3986 1662 4065 macerabis-popm

444 4099 499 4158 tur
532 4092 742 4169 abstinentia,
777 4089 950 4175 squalebat
983 4088 1097 4165 cilicio,
1123 4087 1248 4175 vigiliis
1279 4109 1338 4174 pro
1369 4087 1494 4153 deliciis

442 4194 500 4261 in⁴
531 4195 651 4281 frigore
685 4198 720 4259 et
753 4193 865 4258 inedia
895 4191 1131 4270 exercebatur·;
1161 4190 1265 4255 vidua
1286 4212 1375 4266 vero,
1401 4189 1494 4276 cujus
1506 4217 1582 4269 Prov.
1595 4217 1638 4269 vii.

442 4297 496 4362 vir
517 4297 645 4362 abierat
667 4296 724 4360 via
752 4294 950 4382 longissima,
972 4315 1034 4359 nco
1064 4297 1142 4358 ante
1172 4290 1416 4378 plenilunium⁶
1445 4315 1494 4359 re·
1509 4289 1597 4348 ¹⁹³⁰·

478 4659 586 4723 'quique
605 4656 692 4707 itidem
715 4653 799 4721 offula
819 4651 945 4719 repleturi·
966 4669 969 4678 ·
1023 4652 1152 4718 'virpornJ
1172 4652 1207 4704 So
1219 4652 1250 4703 Β.
1259 4652 1309 4703 and
1319 4651 1394 4713 Pez.;
1410 4650 1493 4713 virge,

446 4738 498 4804 a]
518 4737 613 4797 son,
631 4735 735 4801 qusque
751 4732 844 4784 isicem
855 4732 946 4782 meets
967 4719 970 4797 ἶ
991 4730 1020 4783 c.

445 4817 593 4882 fulcher,
614 4814 661 4875 Oe
690 4811 947 4877 aquicinensem
967 4817 970 4912 j
1025 4823 1087 4890 ra]
1106 4824 1138 4874 n
1149 4824 1200 4883 n,
1218 4822 1300 4874 notin
1312 4822 1341 4874 c.

445 4896 594 4959 “slebre
605 4894 666 4945 1²0¹·
967 4921 971 4964 l
1025 4912 1216 4981 annanias]
1236 4913 1271 4966 so
1291 4913 1320 4965 o.
1338 4913 1401 4977 (see
1416 4913 1493 4963 rev.

454 4972 657 5115 namu]
672 4972 707 5023 so
718 4970 861 5029 amic-³
875 4968 947 5021 ens
968 4969 972 5084 Ι
992 4992 1036 5046 vu
1050 4997 1163 5060 racem
1181 4990 1406 5059 presumens.
