4125 6334
480 1105 546 1175 272
702 1122 786 1172 vrra
809 1123 834 1172 s.
858 1122 1015 1172 nuoonrs
1039 1122 1310 1174 amoomrrnsrs.

479 1302 499 1330 “
522 1294 587 1360 ‘ab
612 1295 742 1360 insidiis
765 1296 871 1361 hostis
893 1296 1003 1362 virosi.
1051 1296 1271 1382 Nequaquam
1295 1296 1385 1362 enim
1405 1296 1544 1364 furcifer

477 1406 496 1431 “
519 1397 598 1462 ‘ille
621 1398 664 1461 ad
690 1405 725 1462 te
742 1402 921 1485 praesumet
945 1398 1110 1463 ullatenus
1133 1399 1294 1477 accedere,
1321 1399 1401 1464 dum
1417 1401 1543 1466 sentiet

479 1508 497 1533 ‘⁴
522 1490 599 1565 ‘me¹
626 1504 735 1565 tecum
759 1506 956 1587 praesentem
982 1499 1069 1565 esse!
1113 1500 1169 1565 Ad
1192 1501 1263 1567 haec
1285 1500 1351 1578 illa,
1376 1501 1543 1580 ‘Venias'

478 1608 495 1634 “
518 1601 637 1686 inquit,
655 1607 664 1636 ‘
679 1602 707 1665 si
733 1601 818 1666 velis
844 1606 879 1666 et
902 1601 931 1665 si
956 1601 1061 1687 possis
1091 1601 1133 1666 ad
1156 1623 1232 1682 me;
1266 1623 1329 1667 nee
1348 1603 1438 1667 enim
1463 1626 1541 1690 pro-

477 1711 494 1737 “
517 1703 690 1768 ‘missioni
725 1725 807 1769 meae
843 1703 946 1767 debeo
976 1702 1146 1769 contraire.
1203 1702 1369 1770 Caeterum
1398 1705 1538 1770 herbam

477 1814 496 1840 “
520 1806 651 1882 ‘istam
685 1805 758 1869 vita
784 1805 912 1882 comite,
938 1826 1110 1890 nunquam
1146 1805 1293 1890 rejiciam
1315 1828 1336 1870 a
1359 1826 1412 1870 me
1424 1830 1433 1886 ;
1460 1827 1537 1892 quae

478 1913 497 1941 “
520 1907 614 1971 ‘sola
641 1907 722 1970 mihi
747 1907 860 1994 potuit
884 1910 1000 1971 contra
1021 1906 1284 1992 impurissimum
1310 1929 1537 1994 oppressorem

477 2018 493 2043 “
519 2009 753 2074 ‘securitatem
778 2011 951 2095 praestare?
997 2008 1088 2088 Quid
1112 2009 1232 2095 plural
1277 2008 1323 2075 Et
1345 2009 1419 2087 iste,
1447 2011 1536 2076 sicut

476 2119 494 2144 “
521 2112 600 2177 ‘ille
620 2111 720 2198 prior,
756 2117 833 2196 post
859 2106 1063 2175 diutumas¹
1099 2131 1218 2196 preces,
1251 2115 1327 2197 post
1364 2112 1473 2177 minas
1499 2118 1535 2177 et

475 2221 492 2246 “
516 2212 698 2277 blanditias
739 2212 862 2277 frustra
896 2216 1090 2297 protractas,
1131 2212 1392 2279 circumventum
1435 2236 1470 2279 sc
1513 2236 1536 2279 a

398 2364 404 2375 .
476 2321 493 2349 “
516 2314 707 2379 muliercula
727 2313 786 2377 diu
804 2314 1012 2399 multumque
1031 2314 1212 2401 deplorans,
1232 2314 1269 2378 in
1293 2336 1391 2380 auras
1418 2316 1537 2381 inanes

475 2422 492 2451 “
516 2416 650 2480 demum
670 2416 816 2481 evanuit.
864 2415 986 2479 Mulier
1009 2437 1089 2481 vero
1108 2416 1181 2501 jorn
1196 2416 1261 2482 fide
1285 2422 1320 2483 et
1346 2418 1533 2497 devotione,

473 2525 491 2552 “
514 2541 552 2584 ao
568 2520 655 2583 bona
676 2518 931 2593 conversatione,
947 2517 1064 2582 melius
1086 2538 1186 2603 quam
1202 2518 1305 2583 herba
1319 2519 1378 2583 illa
1391 2528 1533 2600 armata,

473 2628 490 2654 “
515 2621 619 2685 vitam
643 2621 736 2686 ducit
758 2620 793 2683 in
815 2620 877 2684 Dei
895 2620 1013 2684 timore
1036 2619 1209 2684 honestam
1230 2626 1265 2685 et
1285 2621 1440 2705 quietam.

519 2731 535 2757 “
561 2724 644 2789 Haee
667 2727 779 2787 autem
803 2722 923 2800 omnis,
938 2725 978 2785 ut
1000 2742 1022 2784 a
1053 2720 1150 2785 nobis
1181 2727 1369 2803 narrantur,
1392 2744 1453 2810 ego
1488 2724 1533 2788 ab

473 2831 490 2858 “
513 2824 604 2887 illius
628 2847 693 2904 ore,
708 2845 782 2888 eum
805 2824 848 2887 ad
864 2846 916 2887 me
940 2823 1074 2887 demum
1093 2822 1165 2907 jam
1181 2828 1297 2888 curata
1317 2824 1533 2910 poenitentiae

473 2926 682 2989 “modulum
717 2929 752 2989 et
784 2924 1002 2988 absolutionis
1027 2924 1226 2989 beneficium
1260 2932 1451 3011 susceptura
1473 2949 1532 2992 ve·

472 3034 489 3061 ‘¹
512 3027 624 3103 nisset,
640 3025 784 3090 audivi.’'
830 3026 876 3089 Et
900 3025 969 3091 haee
983 3025 1120 3112 quidem
1136 3025 1336 3091 Exoniensis
1358 3027 1531 3114 episeopus

471 3128 621 3214 episeopo
659 3126 776 3192 retulit
813 3132 948 3207 nostr03
987 3148 1062 3213 quae
1092 3127 1162 3213 ipse
1191 3127 1390 3213 frequenter,
1432 3131 1530 3196 nobis

471 3227 752 3316 [praesentibusP
774 3229 926 3315 plurimis
948 3228 1119 3294 referebat.
1165 3228 1202 3294 Si
1231 3229 1283 3295 eui
1317 3236 1431 3295 autem
1463 3233 1531 3297 ista

471 3333 555 3397 forte
578 3334 688 3398 minus
707 3332 914 3398 videbuntur
938 3353 1007 3396 esse
1033 3331 1205 3411 credenda,
1229 3331 1320 3419 legat
1343 3332 1468 3398 Bedam
1492 3336 1528 3399 in

472 3434 760 3521 explanationem³
784 3434 882 3497 Lucae
902 3434 1137 3519 evangelistae;
1161 3439 1196 3498 et
1218 3433 1271 3498 his
1293 3433 1424 3512 similia,
1450 3459 1529 3521 quare

470 3538 538 3600 suis
561 3535 765 3621 temporibus
788 3535 986 3612 aeciderunt,
1002 3557 1023 3598 a
1045 3540 1141 3599 tanto
1163 3535 1295 3600 doctore
1311 3536 1433 3601 ibidem
1449 3560 1528 3602 eon-

469 3638 592 3722 seripta
615 3636 762 3721 reperiet.

516 3738 634 3802 Mulier
657 3758 735 3801 vero
759 3737 905 3822 praefata,
930 3738 1009 3801 dum
1043 3738 1203 3802 orationis
1229 3737 1393 3825 [gratia]⁴
1417 3742 1528 3806 multa

469 3846 659 3926 peragraret
673 3846 861 3903 sanctorum
884 3839 963 3916 loca,
979 3840 1134 3925 pervenit
1150 3841 1282 3904 demum
1299 3841 1525 3911 Cantuariam.

303 3957 340 4007 St.
354 3960 458 4024 Augus·
471 3943 540 4008 Ubi
563 3943 643 4006 dum
659 3966 679 4005 a
702 3943 784 4007 viris
806 3942 967 4028 religiosis
983 3942 1170 4005 orationum
1191 3942 1332 4027 inquirit
1356 3945 1526 4029 suffragia,

301 4025 405 4142 bildr-
468 4047 598 4110 cuidam
622 4046 779 4109 monacho
802 4045 907 4108 sancti
931 4044 1113 4129 Augustini
1136 4044 1273 4108 herbam
1297 4045 1389 4108 illam
1413 4048 1523 4112 esinu

301 4158 373 4222 bury.
469 4146 550 4211 suo⁵
574 4149 728 4212 ostendit.
776 4146 884 4225 Quam
915 4145 969 4208 ille
1000 4145 1104 4222 nobis,
1133 4143 1216 4209 nos⁰
1239 4147 1344 4232 ipsam
1368 4149 1523 4236 episcopo

468 4249 679 4334 postmodum
695 4248 993 4312 demonstravimus
1007 4270 1014 4310 :
1040 4268 1118 4309 nam
1141 4252 1278 4311 eatenus
1295 4271 1367 4311 eam
1383 4250 1523 4315 minime

467 4356 654 4436 agnoverat.
701 4350 823 4436 Elapso
853 4356 965 4414 autern
997 4354 1144 4434 tempore
1170 4350 1269 4416 unius
1292 4351 1380 4426 anni,
1405 4353 1525 4418 retulit

948 4540 1114 4548 ‚-.-.--.—*.
1138 4541 1223 4547 ,κ-,η
1256 4542 1323 4547 -.-.-.
1353 4541 1515 4551 --..,--,,

501 4657 664 4722 Hiberniae]
695 4656 730 4706 So
750 4656 829 4712 Pez.;
855 4657 967 4716 diurnas,
1047 4654 1521 4719 ⁴9ratia]NotlnMS.3addedsrom

507 4740 513 4756 ¹
1014 4734 1073 4783 Pez.

466 4738 691 4883 Mi'pmenueus]
705 4815 756 4863 Not
766 4813 792 4861 in
801 4813 873 4872 MS.;
886 4814 967 4861 added
1047 4814 1056 4840 ⁵
1068 4829 1080 4860 e
1091 4814 1146 4861 sinu
1157 4813 1214 4878 suo]
1235 4813 1270 4862 So
1281 4812 1338 4863 MS.
1352 4834 1359 4871 ;
1377 4829 1391 4861 e
1403 4812 1461 4863 sinu
1473 4830 1521 4865 suo

464 4896 529 4944 from
542 4897 601 4946 Paz.
1012 4891 1143 4954 prolatam,
1156 4892 1214 4941 Pez.

499 4973 725 5039 'explanationem
756 4971 790 5019 So
820 4970 894 5024 MS.;
922 4986 965 5018 ex·
1045 4971 1122 5034 ⁶noc]
1143 4970 1177 5019 So
1189 4971 1264 5028 MS.;
1282 4977 1308 5019 et
1319 4986 1375 5030 nos,
1388 4971 1441 5020 Per

465 5054 616 5115 planatione,
629 5055 688 5102 Pez.
