<?xml version="1.0" encoding="UTF-8"?>
<!DOCTYPE html PUBLIC "-//W3C//DTD XHTML 1.0 Transitional//EN"
    "http://www.w3.org/TR/xhtml1/DTD/xhtml1-transitional.dtd">
<html xmlns="http://www.w3.org/1999/xhtml" xml:lang="en" lang="en">
 <head>
  <title>
</title>
<meta http-equiv="Content-Type" content="text/html;charset=utf-8" />
  <meta name='ocr-system' content='tesseract 3.04.00' />
  <meta name='ocr-capabilities' content='ocr_page ocr_carea ocr_par ocr_line ocrx_word'/>
</head>
<body>
  <div class='ocr_page' id='page_1' title='image "./magnavitashugon00dimogoog_0178.png"; bbox 0 0 4125 6334; ppageno 0'>
   <div class='ocr_carea' id='block_1_1' title="bbox 592 1116 1429 1181">
    <p class='ocr_par' dir='ltr' id='par_1_1' title="bbox 592 1116 1429 1181">
     <span class='ocr_line' id='line_1_1' title="bbox 592 1116 1429 1181; baseline -0.007 0"><span class='ocrx_word' id='word_1_1' title='bbox 592 1116 634 1181; x_wconf 88' lang='grc'>96</span> <span class='ocrx_word' id='word_1_2' title='bbox 819 1125 903 1178; x_wconf 71' lang='lat' dir='ltr'>vrrs</span> <span class='ocrx_word' id='word_1_3' title='bbox 926 1128 950 1178; x_wconf 80' lang='lat' dir='ltr'>s,</span> <span class='ocrx_word' id='word_1_4' title='bbox 976 1128 1134 1178; x_wconf 81' lang='lat' dir='ltr'>sucorus</span> <span class='ocrx_word' id='word_1_5' title='bbox 1158 1127 1429 1178; x_wconf 76' lang='lat' dir='ltr'>muconuunrsrs.</span> 
     </span>
    </p>
   </div>
   <div class='ocr_carea' id='block_1_2' title="bbox 424 1301 1660 3031">
    <p class='ocr_par' dir='ltr' id='par_1_2' title="bbox 587 1301 1660 2805">
     <span class='ocr_line' id='line_1_2' title="bbox 592 1301 1660 1388; baseline -0.001 -19"><span class='ocrx_word' id='word_1_6' title='bbox 592 1308 673 1380; x_wconf 84' lang='lat' dir='ltr'>turn,</span> <span class='ocrx_word' id='word_1_7' title='bbox 706 1302 864 1387; x_wconf 75' lang='lat' dir='ltr'><strong>quatinus</strong></span> <span class='ocrx_word' id='word_1_8' title='bbox 896 1302 1094 1369; x_wconf 89' lang='lat' dir='ltr'>morieretur</span> <span class='ocrx_word' id='word_1_9' title='bbox 1126 1302 1234 1369; x_wconf 90' lang='lat' dir='ltr'>tutius</span> <span class='ocrx_word' id='word_1_10' title='bbox 1265 1302 1322 1388; x_wconf 90' lang='lat' dir='ltr'>qui</span> <span class='ocrx_word' id='word_1_11' title='bbox 1353 1302 1452 1368; x_wconf 85' lang='lat' dir='ltr'>citius</span> <span class='ocrx_word' id='word_1_12' title='bbox 1482 1301 1660 1368; x_wconf 84' lang='lat' dir='ltr'>videbatur</span> 
     </span>
     <span class='ocr_line' id='line_1_3' title="bbox 590 1405 1657 1493; baseline -0.001 -22"><span class='ocrx_word' id='word_1_13' title='bbox 590 1407 780 1484; x_wconf 89' lang='lat' dir='ltr'>moriturus,</span> <span class='ocrx_word' id='word_1_14' title='bbox 803 1428 878 1472; x_wconf 86' lang='lat' dir='ltr'>curn</span> <span class='ocrx_word' id='word_1_15' title='bbox 902 1405 1147 1472; x_wconf 78' lang='lat' dir='ltr'>accelerandam</span> <span class='ocrx_word' id='word_1_16' title='bbox 1170 1427 1301 1493; x_wconf 87' lang='lat' dir='ltr'>quoque</span> <span class='ocrx_word' id='word_1_17' title='bbox 1333 1406 1405 1491; x_wconf 90' lang='lat' dir='ltr'>jam</span> <span class='ocrx_word' id='word_1_18' title='bbox 1428 1405 1657 1471; x_wconf 75' lang='lat' dir='ltr'>imminentem</span> 
     </span>
     <span class='ocr_line' id='line_1_4' title="bbox 591 1507 1657 1596; baseline 0 -22"><span class='ocrx_word' id='word_1_19' title='bbox 591 1510 772 1575; x_wconf 74' lang='lat' dir='ltr'>aestimaret</span> <span class='ocrx_word' id='word_1_20' title='bbox 806 1515 956 1586; x_wconf 91' lang='lat' dir='ltr'>mortem,</span> <span class='ocrx_word' id='word_1_21' title='bbox 980 1531 1018 1574; x_wconf 92' lang='lat' dir='ltr'>eo</span> <span class='ocrx_word' id='word_1_22' title='bbox 1053 1509 1141 1596; x_wconf 92' lang='lat' dir='ltr'>quod</span> <span class='ocrx_word' id='word_1_23' title='bbox 1172 1509 1209 1573; x_wconf 90' lang='lat' dir='ltr'>in</span> <span class='ocrx_word' id='word_1_24' title='bbox 1241 1514 1337 1575; x_wconf 89' lang='lat' dir='ltr'>tanto</span> <span class='ocrx_word' id='word_1_25' title='bbox 1360 1514 1491 1574; x_wconf 86' lang='lat' dir='ltr'>naturae</span> <span class='ocrx_word' id='word_1_26' title='bbox 1525 1507 1657 1574; x_wconf 83' lang='lat' dir='ltr'>defectu</span> 
     </span>
     <span class='ocr_line' id='line_1_5' title="bbox 592 1611 1656 1698; baseline -0.003 -21"><span class='ocrx_word' id='word_1_27' title='bbox 592 1618 663 1677; x_wconf 89' lang='lat' dir='ltr'>tam</span> <span class='ocrx_word' id='word_1_28' title='bbox 687 1612 855 1678; x_wconf 89' lang='lat' dir='ltr'>insuetum</span> <span class='ocrx_word' id='word_1_29' title='bbox 878 1611 1005 1677; x_wconf 89' lang='lat' dir='ltr'>subiret</span> <span class='ocrx_word' id='word_1_30' title='bbox 1037 1611 1175 1677; x_wconf 86' lang='lat' dir='ltr'>vivendi</span> <span class='ocrx_word' id='word_1_31' title='bbox 1197 1612 1346 1698; x_wconf 82' lang='lat' dir='ltr'>rigorem.</span> <span class='ocrx_word' id='word_1_32' title='bbox 1393 1611 1518 1677; x_wconf 85' lang='lat' dir='ltr'>Verum</span> <span class='ocrx_word' id='word_1_33' title='bbox 1541 1632 1656 1697; x_wconf 87' lang='lat' dir='ltr'>super·</span> 
     </span>
     <span class='ocr_line' id='line_1_6' title="bbox 591 1713 1654 1801; baseline -0.003 -21"><span class='ocrx_word' id='word_1_34' title='bbox 591 1719 671 1780; x_wconf 91' lang='lat' dir='ltr'>ante</span> <span class='ocrx_word' id='word_1_35' title='bbox 695 1714 732 1780; x_wconf 91' lang='lat' dir='ltr'>in</span> <span class='ocrx_word' id='word_1_36' title='bbox 756 1720 973 1780; x_wconf 84' lang='lat' dir='ltr'>conaturam</span> <span class='ocrx_word' id='word_1_37' title='bbox 1002 1714 1129 1779; x_wconf 81' lang='lat' dir='ltr'>Christi</span> <span class='ocrx_word' id='word_1_38' title='bbox 1153 1714 1271 1801; x_wconf 85' lang='lat' dir='ltr'>gratia,</span> <span class='ocrx_word' id='word_1_39' title='bbox 1300 1719 1477 1780; x_wconf 88' lang='lat' dir='ltr'>creverunt</span> <span class='ocrx_word' id='word_1_40' title='bbox 1503 1713 1535 1778; x_wconf 92' lang='lat' dir='ltr'>ei</span> <span class='ocrx_word' id='word_1_41' title='bbox 1550 1713 1654 1779; x_wconf 89' lang='lat' dir='ltr'>etiarn</span> 
     </span>
     <span class='ocr_line' id='line_1_7' title="bbox 591 1816 1654 1904; baseline -0.002 -22"><span class='ocrx_word' id='word_1_42' title='bbox 591 1818 764 1903; x_wconf 85' lang='lat' dir='ltr'>praesentis</span> <span class='ocrx_word' id='word_1_43' title='bbox 780 1818 861 1883; x_wconf 73' lang='lat' dir='ltr'>vitae</span> <span class='ocrx_word' id='word_1_44' title='bbox 889 1817 1005 1904; x_wconf 88' lang='lat' dir='ltr'>spatia,</span> <span class='ocrx_word' id='word_1_45' title='bbox 1032 1816 1075 1882; x_wconf 91' lang='lat' dir='ltr'>ad</span> <span class='ocrx_word' id='word_1_46' title='bbox 1101 1817 1319 1903; x_wconf 68' lang='lat' dir='ltr'>pmmerenda</span> <span class='ocrx_word' id='word_1_47' title='bbox 1342 1816 1478 1883; x_wconf 87' lang='lat' dir='ltr'>uberius</span> <span class='ocrx_word' id='word_1_48' title='bbox 1499 1817 1654 1903; x_wconf 87' lang='lat' dir='ltr'>perennis</span> 
     </span>
     <span class='ocr_line' id='line_1_8' title="bbox 592 1917 1654 2006; baseline 0.001 -23"><span class='ocrx_word' id='word_1_49' title='bbox 592 1919 673 1985; x_wconf 82' lang='lat' dir='ltr'>vnae</span> <span class='ocrx_word' id='word_1_50' title='bbox 711 1919 856 2006; x_wconf 78' lang='lat' dir='ltr'>praemia</span> <span class='ocrx_word' id='word_1_51' title='bbox 913 1918 1118 1985; x_wconf 81' lang='lat' dir='ltr'>Audivimus</span> <span class='ocrx_word' id='word_1_52' title='bbox 1148 1917 1244 1995; x_wconf 87' lang='lat' dir='ltr'>eum,¹</span> <span class='ocrx_word' id='word_1_53' title='bbox 1283 1924 1461 2006; x_wconf 86' lang='lat' dir='ltr'>postquam</span> <span class='ocrx_word' id='word_1_54' title='bbox 1492 1919 1529 1983; x_wconf 93' lang='lat' dir='ltr'>in</span> <span class='ocrx_word' id='word_1_55' title='bbox 1563 1918 1654 1985; x_wconf 79' lang='lat' dir='ltr'>cellae</span> 
     </span>
     <span class='ocr_line' id='line_1_9' title="bbox 592 2021 1653 2107; baseline 0.001 -22"><span class='ocrx_word' id='word_1_56' title='bbox 592 2021 780 2099; x_wconf 78' lang='lat' dir='ltr'>solitudine,</span> <span class='ocrx_word' id='word_1_57' title='bbox 801 2023 836 2087; x_wconf 92' lang='lat' dir='ltr'>in</span> <span class='ocrx_word' id='word_1_58' title='bbox 859 2022 925 2088; x_wconf 90' lang='lat' dir='ltr'>cibi</span> <span class='ocrx_word' id='word_1_59' title='bbox 941 2022 1107 2097; x_wconf 88' lang='lat' dir='ltr'>ariditate,</span> <span class='ocrx_word' id='word_1_60' title='bbox 1124 2025 1160 2087; x_wconf 90' lang='lat' dir='ltr'>et</span> <span class='ocrx_word' id='word_1_61' title='bbox 1175 2021 1211 2084; x_wconf 90' lang='lat' dir='ltr'>in</span> <span class='ocrx_word' id='word_1_62' title='bbox 1225 2021 1325 2087; x_wconf 90' lang='lat' dir='ltr'>cilicii</span> <span class='ocrx_word' id='word_1_63' title='bbox 1339 2022 1500 2107; x_wconf 81' lang='lat' dir='ltr'>squalore,</span> <span class='ocrx_word' id='word_1_64' title='bbox 1516 2022 1653 2087; x_wconf 83' lang='lat' dir='ltr'>tertium</span> 
     </span>
     <span class='ocr_line' id='line_1_10' title="bbox 587 2122 1656 2211; baseline -0.002 -23"><span class='ocrx_word' id='word_1_65' title='bbox 587 2125 658 2210; x_wconf 89' lang='lat' dir='ltr'>jam</span> <span class='ocrx_word' id='word_1_66' title='bbox 673 2129 827 2211; x_wconf 75' lang='lat' dir='ltr'>exegerat</span> <span class='ocrx_word' id='word_1_67' title='bbox 850 2124 1003 2201; x_wconf 88' lang='lat' dir='ltr'>lustrum,</span> <span class='ocrx_word' id='word_1_68' title='bbox 1027 2145 1103 2188; x_wconf 90' lang='lat' dir='ltr'>cum</span> <span class='ocrx_word' id='word_1_69' title='bbox 1118 2122 1284 2209; x_wconf 76' lang='lat' dir='ltr'>spirituali</span> <span class='ocrx_word' id='word_1_70' title='bbox 1299 2124 1507 2209; x_wconf 86' lang='lat' dir='ltr'>jocunditate</span> <span class='ocrx_word' id='word_1_71' title='bbox 1529 2127 1656 2210; x_wconf 85' lang='lat' dir='ltr'>protes-</span> 
     </span>
     <span class='ocr_line' id='line_1_11' title="bbox 592 2223 1652 2312; baseline 0 -22"><span class='ocrx_word' id='word_1_72' title='bbox 592 2227 657 2291; x_wconf 91' lang='lat' dir='ltr'>tari</span> <span class='ocrx_word' id='word_1_73' title='bbox 679 2226 868 2312; x_wconf 89' lang='lat' dir='ltr'>ademptam</span> <span class='ocrx_word' id='word_1_74' title='bbox 895 2227 958 2290; x_wconf 89' lang='lat' dir='ltr'>sibi</span> <span class='ocrx_word' id='word_1_75' title='bbox 974 2227 1164 2291; x_wconf 90' lang='lat' dir='ltr'>deliciarum</span> <span class='ocrx_word' id='word_1_76' title='bbox 1180 2226 1423 2312; x_wconf 70' lang='lat' dir='ltr'>preteritarum</span> <span class='ocrx_word' id='word_1_77' title='bbox 1439 2223 1652 2302; x_wconf 88' lang='lat' dir='ltr'>affluentiam,</span> 
     </span>
     <span class='ocr_line' id='line_1_12' title="bbox 596 2327 1652 2415; baseline 0 -22"><span class='ocrx_word' id='word_1_78' title='bbox 596 2350 696 2414; x_wconf 89' lang='lat' dir='ltr'>quam</span> <span class='ocrx_word' id='word_1_79' title='bbox 724 2351 836 2394; x_wconf 86' lang='lat' dir='ltr'>mensa</span> <span class='ocrx_word' id='word_1_80' title='bbox 861 2328 989 2415; x_wconf 88' lang='lat' dir='ltr'>pridem</span> <span class='ocrx_word' id='word_1_81' title='bbox 1011 2328 1136 2394; x_wconf 88' lang='lat' dir='ltr'>lautior</span> <span class='ocrx_word' id='word_1_82' title='bbox 1157 2327 1325 2394; x_wconf 87' lang='lat' dir='ltr'>cumulare</span> <span class='ocrx_word' id='word_1_83' title='bbox 1341 2327 1475 2404; x_wconf 89' lang='lat' dir='ltr'>solebat,</span> <span class='ocrx_word' id='word_1_84' title='bbox 1491 2329 1652 2415; x_wconf 87' lang='lat' dir='ltr'>optimam</span> 
     </span>
     <span class='ocr_line' id='line_1_13' title="bbox 594 2429 1652 2517; baseline -0.001 -21"><span class='ocrx_word' id='word_1_85' title='bbox 594 2432 657 2496; x_wconf 85' lang='lat' dir='ltr'>sibi</span> <span class='ocrx_word' id='word_1_86' title='bbox 683 2431 920 2509; x_wconf 87' lang='lat' dir='ltr'>valetudinem,</span> <span class='ocrx_word' id='word_1_87' title='bbox 946 2436 981 2496; x_wconf 89' lang='lat' dir='ltr'>et</span> <span class='ocrx_word' id='word_1_88' title='bbox 999 2429 1200 2516; x_wconf 91' lang='lat' dir='ltr'>juvenilium</span> <span class='ocrx_word' id='word_1_89' title='bbox 1224 2430 1464 2517; x_wconf 87' lang='lat' dir='ltr'>quodammodo</span> <span class='ocrx_word' id='word_1_90' title='bbox 1488 2452 1652 2497; x_wconf 89' lang='lat' dir='ltr'>annorum</span> 
     </span>
     <span class='ocr_line' id='line_1_14' title="bbox 590 2532 1653 2622; baseline -0.003 -23"><span class='ocrx_word' id='word_1_91' title='bbox 590 2555 755 2621; x_wconf 81' lang='lat' dir='ltr'>reparasse</span> <span class='ocrx_word' id='word_1_92' title='bbox 780 2534 938 2622; x_wconf 84' lang='lat' dir='ltr'>vigorem.</span> <span class='ocrx_word' id='word_1_93' title='bbox 986 2534 1069 2598; x_wconf 88' lang='lat' dir='ltr'>Erat</span> <span class='ocrx_word' id='word_1_94' title='bbox 1095 2533 1193 2598; x_wconf 87' lang='lat' dir='ltr'>vultu</span> <span class='ocrx_word' id='word_1_95' title='bbox 1217 2532 1375 2619; x_wconf 86' lang='lat' dir='ltr'>placidus,</span> <span class='ocrx_word' id='word_1_96' title='bbox 1392 2533 1487 2599; x_wconf 89' lang='lat' dir='ltr'>corde</span> <span class='ocrx_word' id='word_1_97' title='bbox 1514 2533 1653 2599; x_wconf 90' lang='lat' dir='ltr'>serenis-</span> 
     </span>
     <span class='ocr_line' id='line_1_15' title="bbox 588 2635 1651 2723; baseline 0 -21"><span class='ocrx_word' id='word_1_98' title='bbox 588 2637 699 2714; x_wconf 82' lang='lat' dir='ltr'>simus,</span> <span class='ocrx_word' id='word_1_99' title='bbox 723 2635 844 2703; x_wconf 88' lang='lat' dir='ltr'>canitie</span> <span class='ocrx_word' id='word_1_100' title='bbox 860 2637 987 2717; x_wconf 87' lang='lat' dir='ltr'>niveus,</span> <span class='ocrx_word' id='word_1_101' title='bbox 1004 2658 1059 2701; x_wconf 91' lang='lat' dir='ltr'>ore</span> <span class='ocrx_word' id='word_1_102' title='bbox 1085 2635 1254 2713; x_wconf 85' lang='lat' dir='ltr'>facundus,</span> <span class='ocrx_word' id='word_1_103' title='bbox 1269 2635 1389 2723; x_wconf 90' lang='lat' dir='ltr'>spiritu</span> <span class='ocrx_word' id='word_1_104' title='bbox 1413 2636 1513 2717; x_wconf 86' lang='lat' dir='ltr'>mitis,</span> <span class='ocrx_word' id='word_1_105' title='bbox 1529 2636 1651 2703; x_wconf 84' lang='lat' dir='ltr'>affectu</span> 
     </span>
     <span class='ocr_line' id='line_1_16' title="bbox 592 2740 713 2805; baseline 0.008 -1"><span class='ocrx_word' id='word_1_106' title='bbox 592 2740 713 2805; x_wconf 85' lang='lat' dir='ltr'>suavis.</span> 
     </span>
    </p>

    <p class='ocr_par' dir='ltr' id='par_1_3' title="bbox 424 2840 1649 2927">
     <span class='ocr_line' id='line_1_17' title="bbox 424 2840 1649 2927; baseline 0.007 -27"><span class='ocrx_word' id='word_1_107' title='bbox 424 2846 560 2914; x_wconf 76' lang='lat' dir='ltr'>Byvhose</span> <span class='ocrx_word' id='word_1_108' title='bbox 638 2840 741 2907; x_wconf 89' lang='lat' dir='ltr'>Istius</span> <span class='ocrx_word' id='word_1_109' title='bbox 780 2862 867 2920; x_wconf 89' lang='lat' dir='ltr'>sane,</span> <span class='ocrx_word' id='word_1_110' title='bbox 906 2844 941 2906; x_wconf 91' lang='lat' dir='ltr'>et</span> <span class='ocrx_word' id='word_1_111' title='bbox 977 2841 1043 2906; x_wconf 88' lang='lat' dir='ltr'>viri</span> <span class='ocrx_word' id='word_1_112' title='bbox 1081 2862 1173 2926; x_wconf 74' lang='lat' dir='ltr'>aeque</span> <span class='ocrx_word' id='word_1_113' title='bbox 1216 2840 1483 2927; x_wconf 69' lang='lat' dir='ltr'>praestantissimi</span> <span class='ocrx_word' id='word_1_114' title='bbox 1521 2841 1649 2908; x_wconf 90' lang='lat' dir='ltr'>domini</span> 
     </span>
    </p>

    <p class='ocr_par' dir='ltr' id='par_1_4' title="bbox 424 2930 1649 3031">
     <span class='ocr_line' id='line_1_18' title="bbox 424 2930 1649 3031; baseline 0.002 -23"><span class='ocrx_word' id='word_1_115' title='bbox 424 2930 525 2979; x_wconf 40' lang='grc' dir='ltr'>ΜΨ</span> <span class='ocrx_word' id='word_1_116' title='bbox 593 2942 748 3021; x_wconf 70' lang='lat' dir='ltr'>Radulfi?</span> <span class='ocrx_word' id='word_1_117' title='bbox 767 2942 933 3028; x_wconf 90' lang='lat' dir='ltr'>quondam</span> <span class='ocrx_word' id='word_1_118' title='bbox 956 2940 1102 3008; x_wconf 77' lang='lat' dir='ltr'>sacristae</span> <span class='ocrx_word' id='word_1_119' title='bbox 1125 2941 1214 3007; x_wconf 89' lang='lat' dir='ltr'>illius</span> <span class='ocrx_word' id='word_1_120' title='bbox 1237 2941 1389 3020; x_wconf 83' lang='lat' dir='ltr'>ecclesiae,</span> <span class='ocrx_word' id='word_1_121' title='bbox 1409 2944 1544 3009; x_wconf 85' lang='lat' dir='ltr'>monitis</span> <span class='ocrx_word' id='word_1_122' title='bbox 1567 2966 1649 3031; x_wconf 79' lang='lat' dir='ltr'>prm-</span> 
     </span>
    </p>
   </div>
   <div class='ocr_carea' id='block_1_3' title="bbox 421 2984 1648 4264">
    <p class='ocr_par' dir='ltr' id='par_1_5' title="bbox 421 2984 1648 4264">
     <span class='ocr_line' id='line_1_19' title="bbox 424 2994 479 3031; baseline 0 -1"><span class='ocrx_word' id='word_1_123' title='bbox 424 2994 479 3031; x_wconf 66' lang='lat' dir='ltr'>Bion</span> 
     </span>
     <span class='ocr_line' id='line_1_20' title="bbox 424 2984 1647 3132; baseline 0.002 -23"><span class='ocrx_word' id='word_1_124' title='bbox 424 2984 563 3099; x_wconf 53' lang='lat' dir='ltr'>rnod&#39;did</span> <span class='ocrx_word' id='word_1_125' title='bbox 592 3046 685 3131; x_wconf 86' lang='lat' dir='ltr'>cipue</span> <span class='ocrx_word' id='word_1_126' title='bbox 708 3046 882 3124; x_wconf 89' lang='lat' dir='ltr'>animatus,</span> <span class='ocrx_word' id='word_1_127' title='bbox 907 3044 1121 3131; x_wconf 85' lang='lat' dir='ltr'>precibusque</span> <span class='ocrx_word' id='word_1_128' title='bbox 1141 3045 1340 3132; x_wconf 88' lang='lat' dir='ltr'>importunis</span> <span class='ocrx_word' id='word_1_129' title='bbox 1358 3045 1543 3132; x_wconf 89' lang='lat' dir='ltr'>compulsus</span> <span class='ocrx_word' id='word_1_130' title='bbox 1566 3068 1647 3125; x_wconf 89' lang='lat' dir='ltr'>sum,</span> 
     </span>
     <span class='ocr_line' id='line_1_21' title="bbox 424 3115 1648 3235; baseline 0.003 -24"><span class='ocrx_word' id='word_1_131' title='bbox 424 3115 561 3231; x_wconf 39' lang='lat' dir='ltr'>mitti?</span> <span class='ocrx_word' id='word_1_132' title='bbox 592 3148 704 3234; x_wconf 87' lang='lat' dir='ltr'>aliqua</span> <span class='ocrx_word' id='word_1_133' title='bbox 735 3152 939 3235; x_wconf 88' lang='lat' dir='ltr'>posterorum</span> <span class='ocrx_word' id='word_1_134' title='bbox 974 3147 1105 3214; x_wconf 80' lang='lat' dir='ltr'>notitiae</span> <span class='ocrx_word' id='word_1_135' title='bbox 1137 3146 1179 3213; x_wconf 91' lang='lat' dir='ltr'>de</span> <span class='ocrx_word' id='word_1_136' title='bbox 1212 3146 1369 3235; x_wconf 73' lang='lat' dir='ltr'>praesenti</span> <span class='ocrx_word' id='word_1_137' title='bbox 1401 3149 1540 3214; x_wconf 89' lang='lat' dir='ltr'>materia</span> <span class='ocrx_word' id='word_1_138' title='bbox 1570 3151 1648 3215; x_wconf 86' lang='lat' dir='ltr'>scri·</span> 
     </span>
     <span class='ocr_line' id='line_1_22' title="bbox 425 3246 1648 3336; baseline 0.003 -22"><span class='ocrx_word' id='word_1_139' title='bbox 425 3246 559 3299; x_wconf 55' lang='lat' dir='ltr'>winsia</span> <span class='ocrx_word' id='word_1_140' title='bbox 591 3250 700 3316; x_wconf 89' lang='lat' dir='ltr'>bendo</span> <span class='ocrx_word' id='word_1_141' title='bbox 722 3250 957 3316; x_wconf 86' lang='lat' dir='ltr'>transmittere.</span> <span class='ocrx_word' id='word_1_142' title='bbox 1005 3250 1153 3331; x_wconf 78' lang='lat' dir='ltr'>Quorum</span> <span class='ocrx_word' id='word_1_143' title='bbox 1180 3249 1249 3335; x_wconf 84' lang='lat' dir='ltr'>jam</span> <span class='ocrx_word' id='word_1_144' title='bbox 1281 3256 1420 3336; x_wconf 90' lang='lat' dir='ltr'>uterque</span> <span class='ocrx_word' id='word_1_145' title='bbox 1450 3273 1491 3316; x_wconf 88' lang='lat' dir='ltr'>ex</span> <span class='ocrx_word' id='word_1_146' title='bbox 1514 3250 1585 3331; x_wconf 88' lang='lat' dir='ltr'>hac,</span> <span class='ocrx_word' id='word_1_147' title='bbox 1609 3258 1648 3318; x_wconf 93' lang='lat' dir='ltr'>ut</span> 
     </span>
     <span class='ocr_line' id='line_1_23' title="bbox 423 3322 1648 3440; baseline 0.002 -22"><span class='ocrx_word' id='word_1_148' title='bbox 423 3322 530 3432; x_wconf 51' lang='lat' dir='ltr'>mir</span> <span class='ocrx_word' id='word_1_149' title='bbox 592 3354 782 3440; x_wconf 89' lang='lat' dir='ltr'>accepimus,</span> <span class='ocrx_word' id='word_1_150' title='bbox 805 3355 877 3418; x_wconf 91' lang='lat' dir='ltr'>luce</span> <span class='ocrx_word' id='word_1_151' title='bbox 901 3353 942 3418; x_wconf 86' lang='lat' dir='ltr'>ad</span> <span class='ocrx_word' id='word_1_152' title='bbox 966 3353 1059 3419; x_wconf 92' lang='lat' dir='ltr'>illam</span> <span class='ocrx_word' id='word_1_153' title='bbox 1082 3352 1241 3439; x_wconf 87' lang='lat' dir='ltr'>migravit</span> <span class='ocrx_word' id='word_1_154' title='bbox 1271 3353 1455 3419; x_wconf 79' lang='lat' dir='ltr'>claritatem</span> <span class='ocrx_word' id='word_1_155' title='bbox 1478 3354 1648 3421; x_wconf 75' lang='lat' dir='ltr'>felicitatis</span> 
     </span>
     <span class='ocr_line' id='line_1_24' title="bbox 423 3449 1646 3564; baseline 0.002 -44"><span class='ocrx_word' id='word_1_156' title='bbox 423 3457 503 3564; x_wconf 44' lang='grc' dir='ltr'>ἔξω</span> <span class='ocrx_word' id='word_1_157' title='bbox 514 3449 565 3500; x_wconf 62' lang='lat'>‘¹¹¹⁸</span> <span class='ocrx_word' id='word_1_158' title='bbox 593 3461 736 3535; x_wconf 86' lang='lat' dir='ltr'>aetemae,</span> <span class='ocrx_word' id='word_1_159' title='bbox 775 3476 834 3541; x_wconf 90' lang='lat' dir='ltr'>pro</span> <span class='ocrx_word' id='word_1_160' title='bbox 872 3455 965 3540; x_wconf 89' lang='lat' dir='ltr'>cujus</span> <span class='ocrx_word' id='word_1_161' title='bbox 1003 3455 1213 3520; x_wconf 86' lang='lat' dir='ltr'>desiderabili</span> <span class='ocrx_word' id='word_1_162' title='bbox 1254 3456 1482 3541; x_wconf 86' lang='lat' dir='ltr'>expectatione</span> <span class='ocrx_word' id='word_1_163' title='bbox 1520 3456 1646 3522; x_wconf 86' lang='lat' dir='ltr'>diutius</span> 
     </span>
     <span class='ocr_line' id='line_1_25' title="bbox 466 3531 1646 3645; baseline 0.003 -24"><span class='ocrx_word' id='word_1_164' title='bbox 466 3531 521 3632; x_wconf 53' lang='lat'>⁰34,</span> <span class='ocrx_word' id='word_1_165' title='bbox 593 3558 709 3634; x_wconf 89' lang='lat' dir='ltr'>flendo,</span> <span class='ocrx_word' id='word_1_166' title='bbox 728 3556 920 3641; x_wconf 90' lang='lat' dir='ltr'>jejunando,</span> <span class='ocrx_word' id='word_1_167' title='bbox 944 3561 978 3620; x_wconf 89' lang='lat' dir='ltr'>et</span> <span class='ocrx_word' id='word_1_168' title='bbox 1001 3557 1179 3643; x_wconf 82' lang='lat' dir='ltr'>vigilanda,</span> <span class='ocrx_word' id='word_1_169' title='bbox 1200 3579 1363 3643; x_wconf 86' lang='lat' dir='ltr'>corporeae</span> <span class='ocrx_word' id='word_1_170' title='bbox 1382 3558 1464 3624; x_wconf 88' lang='lat' dir='ltr'>lucis</span> <span class='ocrx_word' id='word_1_171' title='bbox 1487 3558 1646 3645; x_wconf 86' lang='lat' dir='ltr'>aliquam-</span> 
     </span>
     <span class='ocr_line' id='line_1_26' title="bbox 592 3658 1645 3747; baseline 0.003 -24"><span class='ocrx_word' id='word_1_172' title='bbox 592 3660 651 3723; x_wconf 88' lang='lat' dir='ltr'>diu</span> <span class='ocrx_word' id='word_1_173' title='bbox 678 3659 801 3744; x_wconf 87' lang='lat' dir='ltr'>privati</span> <span class='ocrx_word' id='word_1_174' title='bbox 829 3664 909 3723; x_wconf 91' lang='lat' dir='ltr'>sunt</span> <span class='ocrx_word' id='word_1_175' title='bbox 939 3658 1077 3735; x_wconf 88' lang='lat' dir='ltr'>visione,</span> <span class='ocrx_word' id='word_1_176' title='bbox 1100 3659 1248 3724; x_wconf 89' lang='lat' dir='ltr'>instante</span> <span class='ocrx_word' id='word_1_177' title='bbox 1274 3659 1346 3745; x_wconf 88' lang='lat' dir='ltr'>jam</span> <span class='ocrx_word' id='word_1_178' title='bbox 1378 3661 1477 3725; x_wconf 88' lang='lat' dir='ltr'>beata</span> <span class='ocrx_word' id='word_1_179' title='bbox 1503 3663 1645 3747; x_wconf 88' lang='lat' dir='ltr'>corporis</span> 
     </span>
     <span class='ocr_line' id='line_1_27' title="bbox 591 3760 1645 3847; baseline 0.002 -21"><span class='ocrx_word' id='word_1_180' title='bbox 591 3760 690 3845; x_wconf 89' lang='lat' dir='ltr'>hujus</span> <span class='ocrx_word' id='word_1_181' title='bbox 713 3760 801 3846; x_wconf 90' lang='lat' dir='ltr'>quod</span> <span class='ocrx_word' id='word_1_182' title='bbox 824 3761 1047 3847; x_wconf 88' lang='lat' dir='ltr'>corrumpitur</span> <span class='ocrx_word' id='word_1_183' title='bbox 1069 3762 1275 3828; x_wconf 89' lang='lat' dir='ltr'>resolutione.</span> <span class='ocrx_word' id='word_1_184' title='bbox 1323 3760 1406 3827; x_wconf 81' lang='lat' dir='ltr'>Haec</span> <span class='ocrx_word' id='word_1_185' title='bbox 1428 3785 1507 3827; x_wconf 89' lang='lat' dir='ltr'>vero</span> <span class='ocrx_word' id='word_1_186' title='bbox 1529 3763 1571 3829; x_wconf 90' lang='lat' dir='ltr'>de</span> <span class='ocrx_word' id='word_1_187' title='bbox 1593 3765 1645 3828; x_wconf 83' lang='lat' dir='ltr'>his</span> 
     </span>
     <span class='ocr_line' id='line_1_28' title="bbox 592 3866 1645 3954; baseline 0.004 -22"><span class='ocrx_word' id='word_1_188' title='bbox 592 3867 690 3953; x_wconf 87' lang='lat' dir='ltr'>paulo</span> <span class='ocrx_word' id='word_1_189' title='bbox 712 3889 812 3953; x_wconf 88' lang='lat' dir='ltr'>quam</span> <span class='ocrx_word' id='word_1_190' title='bbox 834 3867 1047 3953; x_wconf 88' lang='lat' dir='ltr'>sperabamus</span> <span class='ocrx_word' id='word_1_191' title='bbox 1079 3866 1232 3933; x_wconf 84' lang='lat' dir='ltr'>diffusius</span> <span class='ocrx_word' id='word_1_192' title='bbox 1260 3869 1424 3954; x_wconf 88' lang='lat' dir='ltr'>prosecuti</span> <span class='ocrx_word' id='word_1_193' title='bbox 1458 3892 1582 3948; x_wconf 88' lang='lat' dir='ltr'>sumus,</span> <span class='ocrx_word' id='word_1_194' title='bbox 1606 3876 1645 3936; x_wconf 89' lang='lat' dir='ltr'>ut</span> 
     </span>
     <span class='ocr_line' id='line_1_29' title="bbox 591 3969 1644 4057; baseline 0.005 -24"><span class='ocrx_word' id='word_1_195' title='bbox 591 3969 703 4036; x_wconf 87' lang='lat' dir='ltr'>lectori</span> <span class='ocrx_word' id='word_1_196' title='bbox 727 3970 916 4035; x_wconf 88' lang='lat' dir='ltr'>claresceret</span> <span class='ocrx_word' id='word_1_197' title='bbox 943 3970 1140 4047; x_wconf 86' lang='lat' dir='ltr'>evidentius,</span> <span class='ocrx_word' id='word_1_198' title='bbox 1164 3970 1206 4034; x_wconf 91' lang='lat' dir='ltr'>ad</span> <span class='ocrx_word' id='word_1_199' title='bbox 1232 3977 1390 4055; x_wconf 86' lang='lat' dir='ltr'>quantam</span> <span class='ocrx_word' id='word_1_200' title='bbox 1416 3973 1551 4057; x_wconf 88' lang='lat' dir='ltr'>pictatis</span> <span class='ocrx_word' id='word_1_201' title='bbox 1577 3973 1644 4038; x_wconf 86' lang='lat' dir='ltr'>fru-</span> 
     </span>
     <span class='ocr_line' id='line_1_30' title="bbox 590 4072 1641 4160; baseline 0.001 -21"><span class='ocrx_word' id='word_1_202' title='bbox 590 4096 665 4160; x_wconf 88' lang='lat' dir='ltr'>gem</span> <span class='ocrx_word' id='word_1_203' title='bbox 689 4075 850 4140; x_wconf 83' lang='lat' dir='ltr'>bonitatis</span> <span class='ocrx_word' id='word_1_204' title='bbox 872 4073 1022 4160; x_wconf 85' lang='lat' dir='ltr'>germina</span> <span class='ocrx_word' id='word_1_205' title='bbox 1044 4073 1079 4136; x_wconf 88' lang='lat' dir='ltr'>in</span> <span class='ocrx_word' id='word_1_206' title='bbox 1104 4072 1248 4159; x_wconf 85' lang='lat' dir='ltr'>Hugone</span> <span class='ocrx_word' id='word_1_207' title='bbox 1274 4074 1437 4159; x_wconf 89' lang='lat' dir='ltr'>pullulare</span> <span class='ocrx_word' id='word_1_208' title='bbox 1467 4096 1641 4141; x_wconf 89' lang='lat' dir='ltr'>consueve-</span> 
     </span>
     <span class='ocr_line' id='line_1_31' title="bbox 421 4175 1643 4264; baseline 0.003 -25"><span class='ocrx_word' id='word_1_209' title='bbox 421 4199 474 4249; x_wconf 78' lang='lat' dir='ltr'>Jer.</span> <span class='ocrx_word' id='word_1_210' title='bbox 488 4200 502 4249; x_wconf 87' lang='lat' dir='ltr'>i.</span> <span class='ocrx_word' id='word_1_211' title='bbox 519 4205 556 4250; x_wconf 76' lang='grc' dir='ltr'>ιο,</span> <span class='ocrx_word' id='word_1_212' title='bbox 592 4177 684 4254; x_wconf 74' lang='lat' dir='ltr'>rint,³</span> <span class='ocrx_word' id='word_1_213' title='bbox 721 4176 843 4263; x_wconf 81' lang='lat' dir='ltr'>quem⁴</span> <span class='ocrx_word' id='word_1_214' title='bbox 880 4178 923 4241; x_wconf 90' lang='lat' dir='ltr'>ad</span> <span class='ocrx_word' id='word_1_215' title='bbox 961 4175 1191 4241; x_wconf 78' lang='lat' dir='ltr'>aedificandum</span> <span class='ocrx_word' id='word_1_216' title='bbox 1225 4181 1259 4240; x_wconf 93' lang='lat' dir='ltr'>et</span> <span class='ocrx_word' id='word_1_217' title='bbox 1291 4176 1511 4262; x_wconf 84' lang='lat' dir='ltr'>plantandum</span> <span class='ocrx_word' id='word_1_218' title='bbox 1545 4199 1643 4264; x_wconf 90' lang='lat' dir='ltr'>super</span> 
     </span>
    </p>
   </div>
   <div class='ocr_carea' id='block_1_4' title="bbox 544 4277 1644 4451">
    <p class='ocr_par' dir='ltr' id='par_1_6' title="bbox 544 4277 1644 4451">
     <span class='ocr_line' id='line_1_32' title="bbox 544 4277 1644 4365; baseline 0.004 -23"><span class='ocrx_word' id='word_1_219' title='bbox 544 4286 547 4289; x_wconf 81' lang='grc'><strong>’</strong></span> <span class='ocrx_word' id='word_1_220' title='bbox 591 4285 705 4364; x_wconf 80' lang='lat' dir='ltr'>gentes</span> <span class='ocrx_word' id='word_1_221' title='bbox 743 4285 778 4344; x_wconf 89' lang='lat' dir='ltr'>et</span> <span class='ocrx_word' id='word_1_222' title='bbox 814 4301 911 4364; x_wconf 89' lang='lat' dir='ltr'>super</span> <span class='ocrx_word' id='word_1_223' title='bbox 956 4300 1059 4365; x_wconf 88' lang='lat' dir='ltr'>regua</span> <span class='ocrx_word' id='word_1_224' title='bbox 1096 4277 1238 4344; x_wconf 88' lang='lat' dir='ltr'>coelestis</span> <span class='ocrx_word' id='word_1_225' title='bbox 1281 4280 1455 4345; x_wconf 90' lang='lat' dir='ltr'>clementia</span> <span class='ocrx_word' id='word_1_226' title='bbox 1498 4281 1644 4346; x_wconf 87' lang='lat' dir='ltr'>decrevit</span> 
     </span>
     <span class='ocr_line' id='line_1_33' title="bbox 590 4385 862 4451; baseline -0.007 0"><span class='ocrx_word' id='word_1_227' title='bbox 590 4385 862 4451; x_wconf 89' lang='lat' dir='ltr'>constituendum.</span> 
     </span>
    </p>
   </div>
   <div class='ocr_carea' id='block_1_5' title="bbox 876 4532 1351 4619">
    <p class='ocr_par' dir='ltr' id='par_1_7' title="bbox 876 4532 1351 4619">
     <span class='ocr_line' id='line_1_34' title="bbox 876 4532 1351 4619; baseline 0.004 -22"><span class='ocrx_word' id='word_1_228' title='bbox 876 4532 1028 4619; x_wconf 69' lang='lat' dir='ltr'>Explicit</span> <span class='ocrx_word' id='word_1_229' title='bbox 1051 4532 1152 4599; x_wconf 79' lang='lat' dir='ltr'>Liber·</span> <span class='ocrx_word' id='word_1_230' title='bbox 1174 4534 1351 4600; x_wconf 70' lang='lat' dir='ltr'>concordas.</span> 
     </span>
    </p>
   </div>
   <div class='ocr_carea' id='block_1_6' title="bbox 590 4768 1640 4991">
    <p class='ocr_par' dir='ltr' id='par_1_8' title="bbox 590 4768 1640 4991">
     <span class='ocr_line' id='line_1_35' title="bbox 624 4768 1640 4838; baseline 0.004 -16"><span class='ocrx_word' id='word_1_231' title='bbox 624 4772 708 4838; x_wconf 78' lang='lat' dir='ltr'>&#39;eum]</span> <span class='ocrx_word' id='word_1_232' title='bbox 729 4770 824 4826; x_wconf 83' lang='lat' dir='ltr'>SoB.;</span> <span class='ocrx_word' id='word_1_233' title='bbox 843 4768 976 4828; x_wconf 66' lang='lat' dir='ltr'>autemst</span> <span class='ocrx_word' id='word_1_234' title='bbox 1170 4772 1369 4838; x_wconf 59' lang='lat' dir='ltr'>&#39;consueverim</span> <span class='ocrx_word' id='word_1_235' title='bbox 1408 4771 1442 4821; x_wconf 84' lang='lat' dir='ltr'>So</span> <span class='ocrx_word' id='word_1_236' title='bbox 1465 4772 1515 4824; x_wconf 88' lang='lat' dir='ltr'>B.:</span> <span class='ocrx_word' id='word_1_237' title='bbox 1536 4788 1640 4826; x_wconf 82' lang='lat' dir='ltr'>consue-</span> 
     </span>
     <span class='ocr_line' id='line_1_36' title="bbox 622 4846 1275 4917; baseline -0.002 -16"><span class='ocrx_word' id='word_1_238' title='bbox 622 4855 632 4884; x_wconf 57' lang='grc' dir='ltr'><strong><em>Ξ</em></strong></span> <span class='ocrx_word' id='word_1_239' title='bbox 646 4850 760 4917; x_wconf 60' lang='lat' dir='ltr'>liudulfi]</span> <span class='ocrx_word' id='word_1_240' title='bbox 781 4850 816 4900; x_wconf 77' lang='lat' dir='ltr'>So</span> <span class='ocrx_word' id='word_1_241' title='bbox 827 4848 858 4898; x_wconf 85' lang='lat' dir='ltr'>B.</span> <span class='ocrx_word' id='word_1_242' title='bbox 872 4870 879 4908; x_wconf 72' lang='grc' dir='ltr'>ς</span> <span class='ocrx_word' id='word_1_243' title='bbox 896 4846 999 4908; x_wconf 77' lang='lat' dir='ltr'>Rudini,</span> <span class='ocrx_word' id='word_1_244' title='bbox 1012 4846 1049 4909; x_wconf 62' lang='grc' dir='ltr'>(ἶ,</span> <span class='ocrx_word' id='word_1_245' title='bbox 1066 4862 1094 4898; x_wconf 80' lang='lat' dir='ltr'>as</span> <span class='ocrx_word' id='word_1_246' title='bbox 1136 4859 1233 4909; x_wconf 83' lang='lat' dir='ltr'>verant,</span> <span class='ocrx_word' id='word_1_247' title='bbox 1246 4852 1275 4902; x_wconf 87' lang='lat' dir='ltr'>C.</span> 
     </span>
     <span class='ocr_line' id='line_1_37' title="bbox 590 4926 1531 4991; baseline -0.007 -8"><span class='ocrx_word' id='word_1_248' title='bbox 590 4934 682 4984; x_wconf 72' lang='lat' dir='ltr'>before.</span> <span class='ocrx_word' id='word_1_249' title='bbox 1170 4926 1179 4954; x_wconf 86' lang='lat'><strong>⁴</strong></span> <span class='ocrx_word' id='word_1_250' title='bbox 1190 4926 1271 4990; x_wconf 82' lang='lat' dir='ltr'>quem]</span> <span class='ocrx_word' id='word_1_251' title='bbox 1292 4926 1326 4975; x_wconf 84' lang='lat' dir='ltr'>So</span> <span class='ocrx_word' id='word_1_252' title='bbox 1337 4926 1366 4977; x_wconf 83' lang='lat' dir='ltr'>C.</span> <span class='ocrx_word' id='word_1_253' title='bbox 1380 4948 1386 4983; x_wconf 69' lang='grc' dir='ltr'>ς</span> <span class='ocrx_word' id='word_1_254' title='bbox 1406 4943 1489 4991; x_wconf 79' lang='lat' dir='ltr'>quam,</span> <span class='ocrx_word' id='word_1_255' title='bbox 1501 4928 1531 4976; x_wconf 88' lang='lat' dir='ltr'>B.</span> 
     </span>
    </p>
   </div>
   <div class='ocr_carea' id='block_1_7' title="bbox 891 5136 1337 5147">
    <p class='ocr_par' dir='ltr' id='par_1_9' title="bbox 891 5136 1337 5147">
     <span class='ocr_line' id='line_1_38' title="bbox 891 5136 1337 5147; baseline 0.002 -3"><span class='ocrx_word' id='word_1_256' title='bbox 891 5136 1337 5147; x_wconf 48' lang='lat' dir='ltr'>mm</span> 
     </span>
    </p>
   </div>
   <div class='ocr_carea' id='block_1_8' title="bbox 0 0 2068 6328">
    <p class='ocr_par' dir='ltr' id='par_1_10' title="bbox 0 0 2068 6328">
     <span class='ocr_line' id='line_1_39' title="bbox 0 0 2068 6328; baseline 0 0"><span class='ocrx_word' id='word_1_257' title='bbox 0 0 2068 6328; x_wconf 95' lang='lat' dir='ltr'> </span> 
     </span>
    </p>
   </div>
  </div>
 </body>
</html>
