4125 6334
799 1136 902 1183 amns
924 1135 961 1196 11,
984 1133 1055 1183 cnr.
1071 1134 1116 1182 rv.
1440 1119 1482 1183 63

428 1310 502 1394 gius
525 1308 693 1374 verissime
716 1313 750 1373 et
773 1309 974 1386 brevissime,
990 1309 1097 1373 multa
1119 1307 1237 1373 unius¹
1263 1307 1350 1373 bona
1372 1305 1484 1393 paucis

430 1412 628 1496 complexus,
653 1413 702 1477 ita
725 1412 795 1476 ait:

430 1548 446 1570 “
471 1538 668 1604 Pontificum
690 1538 836 1618 baculusr,
851 1538 1086 1603 monachorum
1108 1560 1231 1618 norma,
1256 1539 1438 1604 scholarum

474 1648 492 1675 “
517 1641 702 1723 Consultor‚
719 1664 835 1729 regum
857 1642 1004 1721 malleus
1028 1641 1130 1729 Hugo
1153 1642 1245 1708 fuit.'’

475 1779 540 1859 Qui
563 1780 640 1846 lioct
663 1781 732 1846 haec
763 1802 836 1866 quae
858 1780 1029 1866 praemissa
1059 1786 1145 1859 sunt,
1175 1804 1233 1846 seu
1256 1788 1290 1847 et
1327 1780 1400 1862 alia,
1424 1802 1484 1867 pro

432 1883 482 1945 sui
498 1884 711 1949 excusatione
727 1883 910 1948 instantius
931 1887 1191 1971 prosequeretur,
1216 1885 1349 1949 interna
1371 1890 1482 1949 tamen
1535 1916 1537 1920 ·

431 1985 600 2071 dispositio
631 1992 750 2052 cuncta
794 1986 943 2051 suaviter
971 1986 1174 2052 moderantis
1211 1987 1381 2073 sapientias
1420 1986 1484 2051 Dei

431 2087 622 2153 nullatenus
645 2090 756 2175 potuit
780 2095 884 2153 nutus
914 2087 987 2153 sui⁸
1011 2088 1131 2154 effectu
1156 2089 1288 2175 privari.
1335 2087 1400 2154 Sed
1424 2109 1484 2153 nec

428 2190 545 2275 prioris
568 2189 728 2275 quidem³
758 2191 988 2277 patrocinium,
1022 2190 1226 2278 Hugonem⁴
1255 2190 1399 2257 retinere
1430 2212 1484 2255 cu-

430 2292 560 2375 pientis,
593 2294 622 2356 ei
653 2298 769 2357 contra
792 2292 1027 2380 dispositarum
1060 2316 1080 2357 a
1102 2293 1174 2357 Deo
1198 2315 1307 2358 rerum
1335 2293 1484 2357 ordinem

396 2457 400 2466 ,
430 2399 560 2478 poterat
575 2395 755 2481 suffragari.
781 2394 966 2480 Utriusque
981 2416 1060 2459 vero
1076 2394 1305 2476 contradictio,
1318 2401 1353 2460 et
1367 2395 1485 2482 prioris

431 2496 583 2561 videlicet
606 2503 641 2563 et
663 2498 828 2584 Hugonia
851 2497 931 2560 dum
963 2497 1147 2563 nescienter
1172 2498 1295 2563 nititur
1317 2496 1484 2583 refragari,

431 2600 637 2685 compellitur
674 2600 855 2665 necessario
894 2598 1046 2664 famulari
1086 2602 1235 2686 operanti
1272 2600 1486 2665 invisibiliter

430 2701 619 2785 majestati.³
665 2702 754 2765 Nam
778 2723 842 2787 quo
866 2701 1068 2788 pertinacius
1091 2702 1182 2788 prior
1203 2701 1389 2779 resistebat,
1419 2723 1484 2786 quo
1543 2713 1607 2760 lab.

431 2803 611 2869 instantius
635 2803 738 2890 Hugo
761 2827 795 2869 se
811 2804 853 2868 ad
876 2804 947 2868 haec
969 2803 1222 2869 insufficientem
1248 2804 1423 2882 asserebat,
1447 2825 1485 2867 eo

430 2906 659 2971 vehementius
690 2907 833 2993 episcopi
864 2910 1052 2993 praesentes,
1090 2929 1164 2971 cum
1199 2906 1267 2971 suis
1297 2906 1484 2972 consiliato-

431 3009 529 3085 ribus
549 3009 676 3094 junctis
699 3009 836 3074 tandem
852 3009 916 3073 sibi
940 3008 1138 3094 quibusdam
1153 3004 1320 3075 fratrum⁰
1343 3009 1384 3074 de
1408 3031 1485 3074 con-

429 3122 533 3179 ventu
557 3121 640 3179 natu
654 3113 846 3199 majoribus,
862 3119 902 3178 ut
916 3114 1012 3179 fieret
1028 3114 1117 3199 quod
1132 3136 1190 3179 rex
1205 3119 1322 3180 tantus
1345 3115 1486 3201 petierat

432 3217 660 3304 perurgebant.
709 3217 797 3296 Quid
830 3216 949 3303 plura?
994 3216 1151 3282 Fratrum
1180 3217 1317 3282 tandem
1354 3217 1486 3281 univer-

432 3320 518 3396 sitas,
552 3325 627 3384 tum
664 3320 816 3406 precibus
851 3323 924 3383 tum
957 3326 991 3383 et
1029 3318 1213 3383 rationibus
1251 3316 1390 3383 eorum⁷
1428 3320 1483 3404 qui

432 3422 637 3487 advenerant
659 3423 760 3500 victa,
775 3418 988 3508 petentibus⁸
1010 3421 1106 3485 cedit.

474 3524 587 3611 Hugo,
604 3525 765 3589 assentire
788 3524 960 3609 flagitatus
984 3523 1154 3602 acunctis,
1177 3524 1213 3588 in
1236 3524 1386 3610 priorem,
1411 3546 1485 3588 cum

431 3626 520 3690 aliud
555 3648 622 3690 non
652 3633 770 3712 posset,
793 3626 1000 3690 transfundit
1028 3626 1236 3691 sententiam.
1284 3626 1416 3692 Sciebat
1447 3626 1483 3690 id

431 3729 493 3793 sibi
524 3729 566 3792 ab
605 3728 672 3805 illc,
696 3729 755 3813 qui
784 3749 859 3792 eum
890 3732 930 3791 ut
958 3728 1103 3792 animam
1133 3750 1226 3793 suam
1253 3726 1429 3816 diligeret‚⁹
1452 3733 1486 3793 et

432 3854 452 3894 a
466 3854 500 3896 se
520 3831 710 3896 nullatenus
733 3829 879 3917 elongari
895 3828 1062 3917 optaret,¹⁰
1086 3832 1146 3894 vix
1160 3837 1219 3896 aut
1234 3854 1404 3918 nunquam
1435 3833 1484 3895 in-

428 3934 525 4019 jungi
555 3956 655 4021 posse.
703 3932 809 4012 Quem
840 3934 976 3998 monitis
989 3929 1012 3969 ¹¹
1044 3932 1097 3998 sui
1119 3934 1270 4020 episcopi,
1293 3941 1483 4000 cunctorum

432 4037 530 4100 etiam
546 4036 762 4123 gemebundis
777 4035 927 4122 precibus
942 4036 999 4121 qui
1014 4034 1152 4101 aderant
1167 4036 1424 4122 interpellatum,
1437 4037 1484 4101 sic

430 4138 543 4203 dicunt
567 4140 620 4224 qui
653 4138 837 4202 intererant
875 4138 1088 4224 respondisse.
1136 4137 1273 4203 “Vivit
1309 4138 1482 4219 Dominus,

465 4339 569 4404 Μαίη]
589 4339 621 4387 In
633 4339 663 4388 B.
678 4359 685 4397 3
703 4337 785 4387 notin
797 4338 827 4388 C.
981 4338 1093 4387 tionibus
1134 4337 1203 4402 only,
1236 4338 1267 4387 Β.
1284 4360 1291 4399 ;
1329 4338 1486 4390 orationibus

464 4418 622 4483 ²natusau1']
641 4418 676 4467 So
685 4418 716 4467 B.
729 4419 779 4466 and
791 4417 850 4468 Per.
862 4438 869 4478 ς
883 4433 935 4467 sua
982 4432 1077 4478 eorum,
1089 4416 1119 4468 C.

432 4497 540 4557 virtutis,
554 4498 582 4548 C.
1014 4497 1024 4524 ⁸
1031 4494 1183 4562 petentibus]
1219 4496 1254 4547 So
1279 4498 1310 4547 B.
1332 4500 1382 4548 and
1403 4498 1484 4556 Pom

465 4577 588 4641 ’quidenj
600 4576 630 4624 In
638 4576 725 4625 B.and
733 4575 804 4634 Pez.;
817 4574 896 4625 notin
906 4574 935 4625 C.
982 4574 1123 4638 petentibus
1134 4574 1235 4634 eisdem,
1249 4575 1277 4627 C.

465 4655 625 4721 ⁴Huyouem]
661 4655 697 4704 So
720 4655 751 4705 B.
778 4656 828 4703 and
857 4656 935 4715 Pez.;
1016 4653 1157 4720 'diliqereq
1178 4655 1213 4705 Sc
1224 4655 1255 4706 B.
1266 4658 1317 4706 and
1328 4657 1410 4718 Pon,
1429 4656 1486 4708 dili-

433 4735 508 4793 bunc,
521 4735 549 4785 C.
982 4736 1065 4800 gebat,
1078 4733 1106 4785 C.

466 4815 620 4879 majestas]
641 4814 676 4864 So
693 4813 724 4862 B.
737 4814 787 4862 and
804 4814 881 4873 Per.;
899 4812 936 4863 di·
1017 4815 1035 4843 ¹’
1046 4814 1153 4880 operer]
1174 4814 1208 4864 So
1219 4815 1249 4865 B.
1262 4817 1311 4864 and
1328 4814 1409 4874 Pez.;
1428 4830 1486 4879 oap-

433 4895 497 4943 rinae
508 4895 640 4958 majestati,
652 4895 680 4945 C.
982 4893 1060 4954 tabat,
1072 4892 1100 4944 O.

466 4977 475 5002 ⁸
480 4973 606 5037 fratrum]
627 4973 662 5022 So
680 4972 711 5021 B.
723 4975 773 5022 and
788 4972 849 5022 Pez.
861 4994 868 5032 ;
884 4972 936 5022 fra·
1017 4974 1032 5003 ¹¹
1049 4972 1124 5034 Quem
1135 4974 1243 5039 monitio]
1259 4973 1293 5023 So
1304 4972 1335 5022 B.
1344 4975 1395 5022 and
1406 4973 1465 5025 Pet.
1477 4995 1484 5035 ;

435 5053 521 5110 tribus,
533 5052 563 5104 C.
983 5050 1065 5115 Quem
1075 5051 1176 5116 quidem
1185 5052 1294 5115 priorem
1304 5051 1417 5114 monitis,
1429 5052 1458 5107 Ο.

466 5129 622 5182 'ratioaibu
638 5130 731 5198 eorm]
751 5129 787 5184 So
800 5131 881 5193 Pom
897 5143 937 5183 n·
