4125 6334
600 1110 665 1175 344
822 1119 905 1174 vrrs
926 1124 954 1173 s
977 1121 1132 1174 Huuoms
1154 1121 1425 1173 ursconurnrsrs

601 1310 618 1335 “
642 1300 814 1387 sagiminis
836 1301 931 1366 varia
953 1301 1172 1379 condimenta,
1195 1301 1374 1388 pigmentis
1406 1307 1441 1366 et
1469 1300 1557 1366 caris
1584 1324 1662 1367 con·

602 1412 619 1437 “
642 1404 729 1467 fecta
750 1404 847 1468 rebus
870 1403 1086 1491 parabuntur.
1125 1402 1200 1468 Hoc
1215 1403 1343 1469 ducent
1357 1403 1512 1490 exemplo
1527 1402 1660 1469 subditi

601 1512 619 1539 “
641 1505 794 1591 apposita
815 1505 880 1570 sibi
901 1506 1024 1571 fercula
1046 1506 1186 1593 rejicere,
1202 1510 1237 1571 et
1259 1507 1452 1571 commentis
1474 1527 1658 1593 eoquorum

601 1615 618 1642 “
641 1608 736 1671 novis
759 1628 886 1694 semper
908 1608 1044 1674 inhiare.
1093 1608 1159 1687 Qui
1174 1629 1253 1673 vero
1275 1608 1360 1673 nihil
1375 1609 1493 1674 horum
1508 1610 1657 1675 voluerit

601 1715 699 1774 “aut
729 1710 874 1775 valuerit
905 1732 1059 1795 quaerere,
1092 1709 1172 1774 dum
1206 1710 1358 1776 funditus
1391 1711 1546 1799 apposita
1578 1733 1655 1798 quae

603 1821 618 1847 “
642 1833 755 1876 carnes
778 1813 917 1899 tetigere
940 1813 1077 1900 respuit,
1108 1812 1278 1878 stomacho
1308 1813 1394 1879 mele
1426 1812 1614 1879 confortato
1635 1835 1656 1878 a

600 1922 619 1950 ‘⁶
642 1915 763 1979 mensis
784 1913 928 1981 recedit.l
976 1914 1074 1995 Quod
1097 1914 1177 1979 dum
1199 1915 1320 2003 saepius
1335 1916 1449 2003 egerit,
1469 1915 1579 2003 primo
1605 1914 1655 1980 in·

601 2022 618 2051 “
642 2017 828 2097 somniatus,
868 2014 1002 2082 denuo⁹
1028 2016 1151 2081 mentis
1188 2022 1312 2105 torpor,
1344 2023 1510 2104 postremo
1548 2016 1653 2084 totius

600 2125 618 2154 “
641 2119 785 2205 corporis
817 2118 1035 2200 imbecillitas,
1062 2118 1135 2204 jam
1157 2119 1335 2184 adomnia
1365 2118 1551 2207 spiritualis
1571 2118 1654 2184 vitre

600 2226 619 2256 “
642 2221 798 2286 exercitia
818 2219 1003 2285 invalidum
1026 2220 1216 2306 possidebit.
1265 2220 1369 2300 Quale
1392 2243 1472 2287 vero
1497 2220 1653 2287 solatium

601 2332 662 2385 “a
700 2327 734 2386 te
765 2323 927 2408 suscipere
964 2322 1015 2385 illi
1054 2323 1244 2409 sperabunt,
1269 2323 1336 2409 qui,
1375 2324 1506 2390 diutino
1543 2322 1655 2388 affecti

601 2431 618 2457 “
641 2424 750 2500 taedio,
782 2445 951 2511 nunquam
983 2445 1106 2489 mensre
1137 2430 1207 2490 ture
1238 2426 1438 2491 consortium
1470 2426 1654 2512 quidquem

599 2526 705 2590 “sibi
736 2527 948 2591 recreationis
979 2526 1160 2591 allaturum
1190 2528 1372 2593 certissime
1401 2527 1518 2593 sciunt.
1564 2526 1655 2592 Nam

484 2634 538 2680 12⁰·
602 2639 617 2663 ‘¹
641 2628 728 2713 quod
751 2650 812 2716 ego
835 2630 988 2693 carnibus
1010 2651 1079 2693 non
1093 2633 1180 2706 utor,
1194 2651 1262 2694 non
1276 2634 1410 2695 tantum
1434 2630 1500 2695 mai
1522 2628 1655 2694 arbitrii

601 2739 617 2766 “
641 2736 700 2810 est,
726 2737 888 2817 quantum
912 2731 1039 2797 ordinis
1062 2731 1195 2807 decreti,
1218 2732 1271 2797 cui
1286 2732 1387 2797 semel
1401 2731 1562 2797 cervicem
1577 2730 1655 2796 sub·

600 2841 617 2867 “
637 2831 725 2918 jeci³
772 2831 993 2912 Quamobrem
1015 2833 1108 2898 etin
1130 2832 1218 2919 leges
1241 2854 1318 2898 suas
1342 2834 1423 2899 ordo
1437 2835 1552 2898 noster
1572 2853 1654 2919 pau·

601 2941 618 2969 “
642 2936 744 2999 ciores
767 2934 903 3021 colligit,
926 2935 1005 3019 quia
1027 2934 1063 2998 id
1085 2935 1173 3019 quod
1207 2935 1276 3000 illae
1303 2933 1537 3000 instituerint⁴
1560 2934 1655 3000 varie

602 3047 618 3071 “
641 3035 905 3121 complexionata
928 3035 1113 3102 multitudo
1135 3057 1203 3100 non
1226 3037 1325 3123 capit.
1379 3036 1488 3102 Voss
1513 3036 1656 3113 diverse,

601 3146 617 3171 “
642 3137 699 3222 qui
733 3137 982 3203 multitudinem
1016 3159 1129 3224 regere
1159 3137 1356 3225 suscepistis,
1391 3137 1479 3203 sicut
1507 3137 1655 3204 moribus

601 3247 619 3275 “
642 3239 824 3304 multorum
847 3240 970 3305 servire
988 3241 1091 3326 juxta
1112 3239 1311 3327 legislatoris
1332 3240 1438 3305 vestri
1452 3240 1654 3307 sententiam

601 3352 616 3376 “
640 3342 774 3418 debetis,
798 3341 844 3406 sic
867 3348 902 3407 et
924 3342 1167 3429 multiplicibus
1182 3363 1297 3408 eorum
1312 3341 1565 3408 infirmitatibus
1579 3364 1657 3408 oon-

600 3453 617 3478 “
641 3444 843 3520 descendere,
866 3450 901 3507 et
922 3443 1176 3509 necessitatibus
1199 3443 1372 3530 providere
1395 3442 1554 3510 habetis.’'

645 3547 690 3609 Et
705 3546 774 3609 haec
789 3545 922 3630 quidem
938 3545 994 3608 ille
1011 3545 1150 3610 dicebat.
1189 3545 1313 3610 Verum
1330 3547 1370 3611 de
1385 3546 1437 3610 his
1453 3546 1657 3613 sententiam

599 3647 663 3711 viri
680 3647 847 3731 sapientis,
864 3646 924 3709 boo
948 3645 1017 3710 loco
1041 3651 1162 3732 prsetcr
1183 3646 1331 3712 historiae
1355 3670 1485 3713 cursum
1509 3649 1659 3714 breviter

600 3770 660 3810 nos
676 3747 833 3832 tetigisse,
851 3747 1005 3810 lectorem
1021 3753 1172 3813 nostrum
1197 3771 1264 3813 non
1289 3750 1422 3835 pigeat;
1445 3772 1521 3815 cum
1544 3752 1658 3836 pariat

601 3849 797 3934 quibusdam
820 3870 936 3933 parum
951 3850 1119 3915 institutis
1134 3872 1201 3915 non
1225 3852 1499 3916 contemnendam
1514 3851 1657 3917 sormam

599 3951 788 4017 necessariae
811 3951 1024 4017 discretionis.
1072 3952 1138 4017 Sed
1160 3953 1231 4038 jam
1259 3976 1333 4038 quae
1356 3959 1484 4018 restant
1508 3955 1549 4019 de
1574 3954 1656 4021 boni

600 4055 744 4119 doctoris
761 4055 866 4119 nostri
883 4076 1011 4119 recessu
1027 4076 1048 4117 a
1064 4054 1167 4132 nobis,
1190 4057 1230 4119 ut
1254 4056 1420 4142 coepimus,
1443 4056 1658 4141 explicemus.

645 4158 756 4222 Pridie
780 4180 878 4242 quam
900 4157 1061 4243 migravit
1088 4178 1109 4220 a
1131 4178 1272 4242 corpore,
1307 4163 1346 4222 ut
1372 4157 1563 4243 frequenter
1586 4161 1659 4224 sin-

599 4260 687 4345 gulis
711 4261 800 4345 prius
831 4260 1024 4345 septimanis
1048 4264 1271 4339 consueverat,
1295 4260 1454 4325 viaticum
1484 4262 1659 4348 percepit⁵

432 4370 574 4437 Tharsday,
599 4360 742 4444 corporis
769 4366 803 4425 et
826 4362 996 4446 sanguinis
1021 4361 1153 4426 Christi.
1216 4360 1318 4426 Sexto
1343 4362 1469 4426 decimo
1492 4362 1657 4430 kalendas

431 4438 495 4486 Nov.
511 4445 549 4499 ¹⁶⁹
600 4462 800 4539 Decembris,
824 4463 906 4526 seria
929 4464 1058 4547 quinta,
1079 4465 1149 4548 jam
1172 4462 1224 4528 die
1249 4463 1547 4549 advesperascente,
1576 4485 1656 4530 oum

430 4507 538 4554 towards

431 4572 548 4687 eveggqa
598 4565 736 4631 sentiret
758 4564 846 4629 vires
869 4564 931 4628 sibi
957 4566 1061 4651 magis
1084 4565 1252 4650 magisque
1280 4565 1425 4644 deficere,
1441 4565 1533 4630 misit
1556 4588 1657 4651 quos-

430 4653 474 4687 sen
524 4655 554 4688 ΟΥ

633 4822 638 4850 ¹
652 4820 754 4886 recedit]
775 4821 809 4871 So
821 4820 878 4870 MS.
892 4840 898 4878 ;
916 4821 1023 4879 recedet,
1030 4820 1091 4871 Pez.
1180 4821 1247 4871 ¹111ae
1262 4821 1424 4887 irwtitueriat]
1452 4822 1486 4873 So
1509 4821 1568 4872 MS.
1583 4843 1590 4881 3
1609 4824 1656 4876 ille

631 4900 740 4965 2ιΙεηιιο]
761 4900 796 4950 So
806 4901 863 4950 MS.
876 4920 883 4957 ;
901 4899 998 4957 deinde,
1010 4899 1070 4948 Pez.
1144 4900 1289 4960 instituerit,
1302 4903 1360 4954 Per.

631 4979 756 5045 ἐνώμα]
799 4980 833 5029 So
868 4980 949 5038 Pez.;
984 4977 1098 5041 subjecti,
1177 4982 1317 5047 ⁵percapit]
1347 4982 1382 5033 So
1401 4981 1481 5039 Pez.;
1500 4982 1644 5046 perceperit

599 5058 655 5107 MS.
1143 5059 1200 5111 MS.
