4125 6334
583 1112 624 1174 28
805 1121 887 1171 v1rs
909 1123 937 1171 s,
959 1121 1117 1171 sunonis
1138 1121 1410 1173 nmcoaumnsrs

581 1297 703 1383 ignoro.
750 1295 988 1361 Verumtamen
1015 1295 1088 1360 dico
1112 1316 1181 1381 ego,
1205 1294 1305 1380 quia¹
1330 1295 1503 1382 quodlibet
1517 1297 1637 1366 horum

539 1462 543 1466 .
580 1397 725 1485 elegeris,
751 1398 822 1463 sive
853 1398 1057 1485 praestiteris,
1086 1397 1157 1463 sive
1183 1398 1333 1463 renueris
1359 1404 1517 1484 praestare
1548 1402 1639 1487 quod

579 1500 744 1585 posceris,2
758 1500 832 1566 vita
854 1522 922 1565 non
944 1521 1032 1565 mors
1054 1499 1119 1565 tibi
1142 1505 1199 1565 est.

624 1603 748 1668 Verum
782 1602 862 1690 quid
886 1604 999 1691 egeris,
1021 1624 1120 1688 quem
1143 1602 1272 1668 exitum
1295 1604 1471 1685 inveneris,
1493 1606 1637 1692 qualiter

579 1705 757 1791 effugeris³
788 1727 905 1771 manus
938 1707 1173 1792 importunas,
1185 1705 1257 1791 jam
1280 1705 1462 1774 videamus
1508 1708 1636 1776 Solitus

413 1818 492 1884 Hugh
577 1804 715 1893 utique⁴
739 1813 773 1874 et
795 1812 945 1873 assuetus
967 1807 1100 1873 obedire
1122 1808 1314 1894 praepositis,
1337 1814 1372 1875 et
1395 1809 1562 1895 subjacere
1576 1812 1633 1891 eia,

413 1885 537 2016 ζοῃὲᾚῖ
578 1911 705 1975 nescius
735 1911 964 1989 contradicere,
997 1910 1155 1996 ignorans
1193 1910 1280 1975 nolle
1319 1911 1536 1997 adquiescere,
1575 1914 1634 1980 dus

412 1990 532 2081 byoath,’
578 2034 713 2077 manum
736 2014 892 2106 exigenti,
915 2019 950 2077 et
980 2011 1187 2098 praecipienti
1219 2012 1285 2076 fide
1308 2014 1521 2100 corporaliter
1550 2038 1635 2102 prae·

412 2090 546 2201 mhi,
577 2116 660 2180 stita
691 2116 872 2181 satisfacis:
907 2114 1036 2179 exitum
1068 2115 1109 2179 de
1141 2119 1259 2180 caetero
1292 2116 1346 2180 tui
1368 2116 1496 2203 negotii
1519 2118 1634 2184 divino

411 2215 487 2294 prior,
500 2219 558 2267 dur-
576 2240 708 2305 prorsus
730 2218 866 2282 arbitrio
890 2217 1079 2282 committis.
1126 2215 1311 2283 Meministi
1326 2225 1472 2284 matrem
1490 2220 1636 2301 luminis,

410 2284 510 2399 {igidi}
575 2322 739 2407 virginem
760 2320 877 2386 salutis
912 2320 1065 2385 humanae
1096 2341 1301 2406 puerperam,
1325 2326 1406 2387 voto
1428 2322 1634 2410 virginitatis

408 2414 521 2468 lifetime.
574 2424 712 2502 illibato,
747 2423 783 2487 in
816 2421 952 2509 nuptias
982 2421 1202 2501 consensisse3
1237 2421 1302 2487 Dei
1335 2429 1449 2489 tamen
1470 2427 1635 2511 sapientia

575 2526 772 2591 mirabiliter
795 2525 1013 2610 dispensante,
1037 2524 1166 2591 nullum
1195 2523 1274 2590 inde
1297 2525 1371 2592 voti
1393 2526 1632 2613 praejudioium,

575 2631 676 2695 immo
699 2635 733 2694 et
764 2626 945 2715 magnum⁶
977 2627 1183 2713 integritatis
1206 2628 1409 2714 praesidium,
1433 2636 1468 2696 et
1488 2630 1634 2697 fecundi-

574 2734 657 2799 tatis
678 2732 834 2797 solatium
850 2730 1034 2815 acquisisse.
1080 2728 1151 2794 Neo
1167 2728 1326 2794 dissimile
1349 2730 1533 2817 quiddam⁰
1554 2754 1633 2799 sane

573 2835 795 2922 praesumebas
818 2840 852 2899 et
874 2830 1029 2919 sperabas
1051 2830 1124 2910 tibi,
1140 2852 1162 2895 a
1175 2831 1333 2917 puritatis
1355 2838 1424 2900 tuae
1438 2834 1631 2921 inspectore,

573 2961 594 3001 a
630 2941 715 3002 teste
752 2934 962 3000 eonscientiae
1000 2935 1036 2997 et
1073 2932 1271 2998 intentionis
1302 2937 1372 3000 tuae
1400 2934 1524 3020 judice,
1557 2937 1631 3003 Deo

573 3039 809 3124 omnipotente.
855 3035 921 3099 Sed
951 3054 1059 3119 neque
1083 3033 1120 3097 in
1142 3034 1280 3121 longum
1303 3035 1378 3122 pius
1400 3035 1493 3101 Deua
1516 3041 1550 3102 te
1574 3040 1631 3105 de-

550 3138 764 3206 ·fraudavit⁷
787 3161 808 3202 a
830 3159 886 3224 spe
909 3142 975 3202 tua
1022 3136 1111 3199 Nam
1134 3137 1234 3223 paulo
1256 3142 1343 3223 post,
1358 3160 1432 3204 cum
1458 3140 1631 3208 haesitares

571 3242 785 3329 aliquamdiu,
824 3246 859 3305 et
895 3238 977 3326 quid
1011 3260 1124 3326 ageres
1162 3240 1340 3325 ignorares,
1380 3263 1456 3306 cum
1489 3249 1526 3309 et
1564 3244 1631 3310 dis·

571 3347 692 3433 pendia
725 3345 906 3432 spiritualis
935 3344 1016 3407 vitae
1052 3341 1201 3426 quotidie
1233 3343 1421 3424 sustineres,
1446 3350 1481 3411 et
1514 3352 1631 3413 eontra

570 3451 670 3516 fidem
703 3450 816 3513 datam
839 3447 951 3512 venire
985 3446 1096 3531 potius
1128 3444 1331 3526 abhorreres,
1354 3446 1481 3513 infudit
1511 3450 1626 3516 subito

571 3552 661 3618 cordi
683 3557 742 3615 tuo
773 3570 916 3635 superna
947 3548 1122 3612 clementia
1153 3547 1336 3613 verissimas
1357 3552 1393 3613 et
1415 3549 1628 3619 lucidissimae

571 3656 701 3719 radium
725 3651 938 3728 discretionis,
954 3651 1122 3736 inspirans
1145 3650 1210 3715 tibi
1232 3654 1267 3715 et
1291 3651 1478 3717 certificans
1501 3658 1535 3719 te
1559 3654 1629 3741 ple-

498 3807 504 3820 .
570 3757 712 3831 nissime,
743 3759 984 3819 sacramentum
1019 3774 1087 3818 non
1120 3774 1189 3817 esse
1224 3752 1477 3834 observandum,
1514 3757 1629 3823 incon-

571 3859 747 3925 sideratius
781 3854 975 3923 extortum⁸
1005 3861 1122 3921 contra
1144 3856 1327 3920 utilitatem
1350 3858 1479 3935 animae,
1502 3865 1561 3925 aut
1591 3862 1626 3926 in

572 3962 808 4029 detrimentum
839 3983 927 4026 verae
959 3960 1085 4024 salutis.
1133 3958 1246 4023 Sciens
1281 3958 1386 4045 igitur
1415 3965 1450 4027 et
1473 3962 1628 4029 exultans

404 4073 548 4151 uertens
571 4068 659 4154 quod
681 4088 797 4132 revera
818 4065 884 4130 ista
912 4064 1102 4149 loqueretur
1124 4062 1160 4125 in
1192 4067 1227 4125 te
1252 4061 1420 4128 Dominus
1447 4065 1546 4145 Deus,
1569 4088 1628 4131 au-

404 4140 524 4199 brucath,
571 4171 664 4234 diens
696 4192 771 4234 eum
806 4171 840 4234 et
874 4166 1063 4241 exaudiens,
1096 4164 1255 4250 disposita
1279 4165 1375 4230 domo
1407 4167 1471 4231 tibi
1494 4168 1628 4249 credita,

403 4208 558 4324 andtlpgeapas
570 4271 663 4336 nullo
697 4271 820 4335 sciente
852 4270 931 4355 quia
964 4267 1056 4332 nullo
1089 4266 1279 4347 insidiante,
1303 4290 1363 4332 nec
1393 4269 1461 4333 tale
1499 4270 1627 4355 aliquid

571 4439 717 4449 --.....
729 4439 763 4444 --,
1119 4434 1622 4446 —--—-—----—-·——-—-----.......

606 4552 612 4581 ¹
625 4549 697 4613 pria]
713 4549 747 4597 So
758 4548 788 4597 B.
800 4549 851 4597 and
860 4548 919 4596 Pez.
933 4568 940 4606 ς
958 4547 1034 4609 quod,
1046 4543 1074 4593 C.
1095 4546 1098 4622 ξ
1153 4541 1298 4609 ⁵rnuynum]
1319 4544 1354 4594 So
1365 4545 1397 4595 B.
1414 4566 1421 4606 3
1439 4561 1546 4613 magna,
1559 4547 1591 4603 0,

604 4630 615 4658 ²
622 4626 745 4694 posceris]
765 4626 800 4677 So
811 4626 843 4676 B.
854 4627 905 4675 and
919 4626 999 4680 Pez.;
1016 4638 1074 4687 pos·
1151 4620 1301 4687 ‘quiddamJ
1322 4623 1356 4673 So
1368 4625 1417 4684 B.;
1436 4625 1546 4690 quidem,
1560 4630 1589 4681 c.

572 4716 646 4770 aeret,
657 4707 687 4759 C.
1151 4700 1160 4725 ⁷
1172 4698 1345 4767 defraudavit]
1367 4702 1401 4753 So
1418 4703 1449 4753 B.
1462 4725 1468 4763 ;
1486 4706 1624 4772 fraudavit,

604 4785 751 4854 Ἰωσῆ]
783 4784 817 4835 So
835 4784 916 4844 Pez.;
941 4783 1073 4848 iungeris,
1118 4776 1147 4825 C·

570 4869 622 4926 B.;
641 4867 756 4931 effugias,
769 4864 798 4915 C.
1151 4857 1302 4922 ιιιτα-ιονιιυη]
1324 4859 1358 4908 So
1373 4861 1401 4912 C.
1415 4864 1464 4911 and
1479 4863 1538 4916 Pez.
1553 4885 1559 4923 ;
1579 4882 1625 4917 ex·

604 4946 719 5012 ‘aliqud
736 4945 770 4996 So
782 4944 812 4995 B.
823 4945 872 4994 and
881 4942 942 4993 Pez.
954 4965 960 5004 ;
980 4942 1072 5009 itaque,
1118 4943 1210 4997 ortum,
1222 4936 1254 4986 B.
