4125 6334
537 1123 602 1190 342
760 1126 1370 1182 vrrss.suoon1sn1uoonu1nrs1s

540 1307 755 1376 sufficientem
782 1307 1030 1384 confessionem,
1062 1305 1112 1372 ita
1138 1303 1268 1372 dicens:
1302 1309 1320 1340 “
1337 1303 1434 1386 Quia,
1461 1305 1608 1382 dominc,

540 1419 558 1450 “
581 1412 667 1478 sieut
682 1411 752 1497 ipse
767 1409 884 1476 melius
906 1408 1021 1486 nostis,
1037 1406 1197 1475 efficacior
1211 1407 1348 1494 Deoque
1369 1407 1542 1496 aooeptior
1554 1413 1606 1475 est

540 1523 557 1552 “
581 1515 641 1579 illa
663 1512 829 1591 confessio,
852 1533 927 1598 quas
950 1509 1120 1598 specifiest
1144 1509 1340 1598 singillatim
1361 1510 1486 1590 omnis,
1501 1531 1604 1596 quam

425 1638 480 1681 ris.
541 1622 558 1654 “
581 1616 639 1681 illa
652 1637 727 1701 quae
750 1615 811 1681 sub
826 1614 968 1700 quadam
991 1612 1207 1700 generalitate
1219 1611 1545 1700 ,includitsingulm
1566 1617 1602 1678 st

371 1736 520 1802 Hughlong
541 1729 556 1756 “
579 1740 639 1785 vos
663 1717 768 1784 multo
791 1721 940 1803 tempore
964 1714 1165 1793 ordinarius,
1198 1735 1326 1782 necnon
1359 1719 1396 1780 et
1428 1714 1601 1802 delegata

372 1802 475 1881 ²³t⁶⁸⁰
541 1827 556 1857 “
574 1821 680 1908 judex
703 1819 920 1906 plurimorum
943 1816 1123 1898 extitistis;
1146 1821 1309 1902 quantum
1330 1816 1490 1884 memorie
1511 1839 1599 1884 reoo

371 1871 498 1987 gfflfy’
539 1923 619 1988 “lit
651 1922 794 2009 satagito
836 1920 996 1998 confiteri,
1033 1939 1115 2006 quos
1145 1917 1202 1984 vel
1235 1921 1317 2004 quot
1348 1918 1391 1986 ob
1426 1919 1598 2006 privatum

368 2003 449 2133 {ff
459 2003 526 2056 ‘¹⁰¹⁹'
539 2032 557 2062 “
580 2045 725 2091 amorem
748 2023 818 2090 sive
840 2023 954 2091 odium
977 2018 1220 2108 promoveritis,
1233 2025 1275 2088 ut
1295 2021 1423 2098 assolet,
1437 2021 1477 2087 in
1497 2044 1599 2110 nego-

539 2128 635 2194 “tiis
670 2126 746 2204 suis,
777 2130 837 2191 sut
871 2122 1106 2212 depresseritis,
1141 2123 1252 2188 minus
1283 2122 1439 2190 videlieet
1471 2124 1598 2192 utendo

539 2236 557 2266 “
581 2227 727 2315 legitime
746 2227 925 2313 judiciaria
947 2224 1140 2313 potatam

371 2351 491 2404 sanse-
583 2331 640 2394 ad
663 2330 733 2394 haec
756 2328 811 2393 illo
833 2329 974 2393 verbum
997 2327 1147 2415 protulit,
1171 2326 1259 2412 quod
1289 2325 1440 2413 pluribus
1462 2328 1599 2396 audien·

371 2402 504 2504 iffiviift
540 2433 625 2498 tium
648 2431 771 2518 gaudio
794 2431 918 2517 pariter
940 2435 976 2496 et
996 2431 1156 2496 miraculo
1177 2428 1251 2496 suit
1305 2437 1321 2466 “
1337 2429 1453 2509 odi0‚”
1475 2431 1597 2520 inquit,

371 2503 502 2606 illitis
539 2545 555 2570 “
579 2557 637 2603 seu
660 2555 779 2611 amore,
811 2534 869 2600 sed
891 2554 951 2600 nec
974 2531 1110 2619 quidem
1132 2554 1190 2620 spe
1212 2531 1266 2598 vel
1289 2530 1417 2609 timore,
1448 2555 1598 2620 personae

369 2605 506 2748 iffi&
539 2643 558 2672 “
582 2642 643 2703 aut
664 2636 713 2701 rei
736 2635 970 2721 cujuscunque,
993 2656 1166 2721 nunquam
1188 2657 1209 2700 o
1230 2634 1374 2701 veritate
1400 2635 1522 2721 judicii
1545 2659 1598 2703 me

437 2737 443 2750 '
539 2746 557 2776 “
580 2739 722 2804 scienter
744 2738 947 2806 exorbitasse
970 2737 1114 2804 memini
1160 2736 1198 2803 Si
1216 2735 1400 2823 judicando
1421 2736 1558 2804 deviwi
1578 2762 1599 2805 a

541 2851 558 2878 “
581 2847 680 2918 recto,
702 2841 763 2906 boc
785 2840 926 2927 propriae
947 2838 1157 2926 ignorantiae,
1179 2843 1240 2904 aut
1261 2843 1350 2906 certe
1372 2839 1597 2920 assidentium,

541 2949 557 2979 “
581 2943 706 3008 crimen
729 2941 821 3007 fuis

371 3063 423 3113 Dia
434 3070 479 3116 not
585 3043 655 3108 Nec
678 3043 943 3130 praetereundum
959 3043 1146 3110 inconsulte
1159 3042 1304 3123 videtur,
1320 3041 1398 3130 quo¹
1415 3044 1480 3125 sir,
1493 3046 1599 3112 totius

371 3130 483 3256 wir
538 3145 701 3211 vanitatis
734 3149 769 3212 et
804 3144 1053 3232 superstitionis
1082 3146 1282 3222 adversator,
1317 3150 1455 3232 gemtum
1485 3147 1599 3233 potius

372 3263 413 3314 his
424 3263 518 3316 illness.
538 3247 687 3314 carisium
711 3270 811 3333 quam
834 3246 950 3327 esum,⁹
972 3270 1032 3336 pro
1054 3248 1144 3316 bono
1167 3247 1365 3316 obedientiis
1386 3270 1598 3336 nequaquam

538 3352 773 3437 repudiaverit.
821 3351 1087 3438 Suggerentibus
1108 3373 1253 3438 namque
1267 3350 1388 3429 amicis,
1405 3357 1442 3417 et
1462 3354 1600 3420 medicis

538 3454 772 3529 asserentibus,
788 3453 875 3538 quia
890 3454 1010 3539 hyeme
1033 3459 1210 3531 transacta,
1232 3452 1361 3519 facibus
1375 3458 1599 3535 emeretensi

539 3554 811 3620 esculentioribus
835 3554 917 3619 cibis
938 3541 1117 3621 affectum³
1134 3556 1205 3641 jam
1227 3577 1354 3643 eorpus,
1377 3562 1412 3622 et
1427 3559 1600 3642 quartanis

539 3657 706 3742 algoribus
722 3660 797 3740 post
820 3655 901 3719 alias
924 3656 1029 3721 febres
1053 3659 1291 3744 congelascens,
1305 3659 1410 3724 foveri
1432 3661 1600 3746 permisis-

539 3764 611 3836 set;
631 3757 734 3841 jussit
756 3756 1027 3844 archiepiscopus,
1044 3764 1079 3824 et
1093 3761 1130 3824 in
1144 3760 1367 3826 remissionem
1388 3767 1599 3846 peecatorum

540 3859 690 3944 injunxit
714 3859 752 3935 ei,
777 3864 816 3924 ut
840 3859 875 3923 in
900 3861 960 3925 tali
986 3884 1117 3947 quoque
1139 3863 1241 3929 diaeta
1254 3862 1388 3928 consilio
1405 3864 1598 3933 medicinae*

539 3984 653 4049 perere
670 3962 845 4027 debuisset.
894 3964 955 4029 lile
978 3987 1057 4030 vero
1079 3967 1306 4052 praescriptum
1329 3965 1489 4052 objiciens
1511 3971 1600 4034 ordi-

540 4067 591 4128 nis
616 4064 848 4144 (lartusiensiS,
873 4087 938 4149 quo
966 4067 1002 4130 in
1028 4088 1204 4133 commune
1236 4068 1399 4147 omnibus,
1429 4071 1602 4153 morbidis,

539 4168 637 4245 sanis,
669 4173 703 4232 et
733 4168 949 4245 moribundis,
982 4190 1057 4235 esus
1088 4171 1236 4237 asinium
1265 4171 1444 4251 inhibetur,
1474 4174 1513 4239 id
1535 4175 1602 4241 sibi

540 4268 695 4332 illicitum
719 4269 893 4336 fatebatur.

585 4369 659 4447 Sed,
692 4391 733 4434 ne
764 4373 879 4436 multis
911 4374 1132 4452 immoremur,
1162 4377 1205 4440 ad
1235 4375 1431 4463 petitionem
1463 4377 1602 4446 demum

539 4471 730 4536 clericorum
754 4495 898 4556 suorum,
915 4477 956 4543 de
980 4479 1139 4543 mandato
1157 4499 1286 4564 quoque
1309 4484 1343 4545 et
1365 4479 1478 4544 sedulo
1491 4483 1603 4548 moni·

539 4572 630 4638 tione
647 4573 898 4642 cantuariensis
912 4578 1163 4666 archipraesulis,
1178 4581 1336 4667 susceptis
1350 4603 1408 4667 per
1422 4581 1603 4652 dominum

568 4743 651 4751 --..-.-
667 4746 790 4753 —.-
1132 4752 1319 4759 .—-.——..-
1336 4754 1351 4758 -
1390 4753 1404 4758 —
1472 4755 1561 4762 -—-

574 4840 654 4904 'quo]
675 4840 709 4889 So
722 4840 778 4890 MS.
793 4862 799 4900 ;
817 4843 893 4905 quod,
905 4842 964 4892 Pez.
1123 4847 1273 4913 ’rrffi’ctmnj
1306 4847 1340 4897 So
1366 4848 1439 4906 l‘cz.;
1469 4848 1601 4908 effectum.

573 4922 665 4981 ²'qm1m
679 4921 757 4984 caestu]
778 4921 812 4968 So
827 4921 881 4970 MS.
896 4942 902 4980 ς
920 4922 946 4971 in
961 4929 1040 4973 extre
1091 4927 1146 4976 lis.

540 5012 591 5123 irrep:
607 4999 682 5061 liujus
701 5000 945 5066 aegritudinisque:
965 5018 1043 5060 esum.
1088 5008 1283 5137 Pemediciaoe]
1297 5009 1396 5060 b‘oblSe
1410 5010 1600 5074 medicorum,
