4125 6334
791 1160 894 1210 amau
917 1163 953 1223 n,
978 1159 1180 1211 rnoamuu
1272 1128 1282 1148 ’

541 1792 721 1861 INCIPIT
745 1792 1027 1860 PROOEMIUM¹
1053 1793 1183 1858 LIBRI
1208 1793 1424 1861 SECUNDI.

460 2217 542 2283 CUM
579 2218 820 2283 Lincolniensis
866 2219 1007 2284 ecclesiae
1046 2220 1262 2306 praesulatum
1305 2220 1400 2283 annis
1441 2220 1512 2304 jorn

464 2319 566 2407 Hugo
589 2319 736 2400 bissenis,
754 2322 868 2386 diebus
882 2322 1127 2408 quinquaginta
1150 2322 1266 2399 tribus,
1282 2322 1513 2408 gloriosissime

461 2423 734 2502 administrasset,
751 2424 876 2509 placuit
898 2425 1071 2489 sanctitati
1095 2446 1163 2489 suen
1185 2426 1384 2510 parvitatem
1408 2446 1514 2490 meam

461 2526 504 2589 do
529 2526 609 2590 vitre
635 2525 820 2590 claustralis
844 2526 1016 2591 dulcedine
1042 2528 1076 2589 in
1103 2527 1351 2591 solicitudinum
1382 2548 1515 2592 suarum

461 2627 686 2713 qualecunque
718 2628 873 2694 solatium
904 2651 1076 2706 assumere,
1099 2650 1222 2713 suoque
1254 2629 1518 2715 inseparabiliter

462 2729 561 2794 lateri
589 2730 719 2795 sociare.
765 2731 796 2794 A
820 2752 885 2816 quo
909 2736 1065 2818 tempore,
1088 2754 1147 2817 per
1173 2753 1276 2796 annos
1302 2736 1369 2794 tres
1391 2736 1426 2795 et
1449 2730 1518 2794 dies
1531 2731 1685 2808 Theauthor

463 2833 620 2917 quinque,
645 2832 801 2918 quamdiu
831 2833 954 2898 scilicet
984 2833 1020 2896 in
1047 2854 1180 2919 corpore
1209 2837 1322 2918 postea
1347 2832 1444 2909 vixit,
1475 2831 1518 2895 ab
1531 2798 1688 2913 {2223ssss

463 2935 535 3018 ejus
573 2957 744 3020 nunquam
774 2936 839 2999 nisi
870 2934 953 3021 per²
991 2957 1092 2999 unam
1128 2935 1230 2999 solam
1266 2940 1395 2999 noctem
1426 2933 1518 2999 abfui
1533 2933 1680 2980 attendance

465 3038 636 3115 comitatu,
676 3038 729 3102 dic
773 3060 903 3124 semper
941 3043 975 3103 ct
1016 3036 1136 3103 nocte³
1175 3038 1345 3103 adhaerens
1382 3038 1445 3124 ipsi
1485 3042 1520 3101 et
1532 3012 1687 3128 {pignam

464 3140 658 3205 ministrans
697 3140 734 3204 ei.
792 3139 904 3224 Hujus
939 3140 1043 3226 igitur
1073 3140 1181 3225 spatio
1211 3142 1377 3228 temporie,
1409 3140 1522 3204 omnia
1533 3130 1689 3247 {gffeteheffi

465 3243 533 3306 fere
549 3264 623 3327 quae
646 3242 686 3306 de
709 3264 748 3307 eo
764 3241 894 3306 libellus
917 3263 1060 3327 praesens
1083 3242 1274 3320 continebit,
1297 3246 1357 3307 aut
1380 3242 1521 3328 propriis
1534 3214 1671 3327 ornulh's

465 3345 537 3409 vidi
560 3344 671 3423 oculis,
695 3350 755 3408 aut
778 3366 798 3407 a
821 3344 943 3408 sanctis
966 3344 1068 3429 ipsius
1091 3344 1188 3408 labiis
1211 3344 1332 3407 audivi.
1379 3343 1521 3409 Causam
1535 3329 1587 3377 nse·

466 3468 532 3531 qua
554 3447 590 3510 in
613 3452 765 3511 nostrum
782 3446 876 3511 venit
899 3446 1020 3525 orbem,
1036 3450 1109 3510 tum
1137 3452 1171 3510 et
1193 3445 1236 3509 ab
1262 3467 1308 3523 ec,
1325 3449 1397 3509 tum
1422 3451 1456 3509 et
1479 3445 1523 3509 ab
1536 3412 1636 3528 &uices
1646 3480 1677 3529 ,f

464 3549 532 3613 illis
566 3550 624 3634 qui
657 3549 757 3633 hujus
787 3548 953 3613 adventus
984 3548 1036 3613 sui
1075 3552 1302 3635 procuratores
1336 3547 1523 3613 extiterrmt
1536 3546 1634 3659 ῑξθξῦῑ

466 3651 594 3737 accepi:
619 3652 772 3716 similiter
792 3657 826 3715 et
849 3651 984 3715 modurn
1005 3650 1092 3736 quo⁴
1107 3673 1128 3714 a
1151 3650 1272 3716 dilecta
1294 3673 1353 3715 sua
1368 3650 1523 3717 Cartusia
1535 3620 1676 3728 {offitia

466 3753 615 3833 decessit,
639 3776 704 3838 quo
727 3754 862 3818 domum
878 3752 1141 3818 Withamensem
1157 3775 1178 3817 a
1199 3753 1426 3818 fundamentis
1449 3775 1523 3819 con·
1586 3746 1636 3794 ⁸¹³·

465 3856 658 3921 struendam
689 3854 861 3941 disposuit,
892 3854 1052 3932 instituit,
1080 3860 1114 3920 et
1141 3854 1222 3919 viris
1252 3855 1387 3942 optimis
1417 3857 1521 3921 adim-

467 3958 580 4045 plevit,
602 3979 641 4023 ac
662 3963 740 4044 post
762 3959 833 4022 haec
856 3957 899 4020 ad
921 3959 1145 4045 episcopatum
1168 3959 1308 4023 accessit.

513 4060 563 4125 De
585 4061 637 4125 his
669 4082 742 4147 quae
773 4059 811 4123 in
842 4059 1034 4147 episcopatu
1064 4060 1175 4146 gessit,
1199 4065 1378 4145 antequam
1409 4059 1441 4123 ei
1463 4059 1522 4124 ad-

467 4163 589 4228 lraerere
612 4164 791 4248 coepissem‚
815 4162 856 4226 dc
887 4161 1051 4226 industria
1077 4166 1235 4247 praetereo
1260 4163 1435 4226 innumera
1457 4184 1526 4227 cer-

466 4266 593 4330 tissime
616 4270 791 4352 comperta,
816 4264 939 4329 notitia
963 4268 1156 4329 cunctorum
1189 4263 1389 4352 dignissima.
1437 4264 1524 4345 Quia
1538 4274 1673 4326 otherac·

470 4369 557 4432 enim
594 4368 736 4455 plurima
774 4389 816 4431 ex
854 4366 907 4430 his
937 4366 1097 4450 quosdam
1135 4389 1188 4431 me
1225 4367 1321 4454 longe
1363 4367 1524 4433 doctiores
1537 4349 1627 4474 ἓξὲξ
1638 4343 1669 4392 ⁰f

508 4755 681 4820 'Proculum
696 4755 782 4813 Soa,
800 4754 935 4818 Prologus,
943 4752 972 4803 C.
1054 4753 1095 4804 'et
1112 4755 1190 4820 occu]
1211 4753 1245 4806 So
1256 4755 1307 4816 B.;
1326 4763 1458 4820 noctuque,
1471 4754 1499 4807 0.
1516 4776 1523 4816 ;

473 4835 595 4885 andPez.
1019 4834 1213 4896 aenocte,Pez.

475 4916 515 5044 B*
526 4915 575 4964 nisi
591 4914 650 4981 per]
670 4914 744 4967 Soc.
757 4916 808 4966 and
821 4915 883 4966 Per.
896 4934 903 4974 ;
921 4926 974 4979 per,
1023 4916 1134 5045 c⁴qno]
1149 4915 1183 4969 So
1191 4915 1280 4968 ΒΜ
1291 4915 1351 4966 Pes.
1362 4933 1369 4975 ς
1382 4913 1524 4980 quaedem,
