4125 6334
480 1119 544 1179 248
702 1128 784 1175 vira
806 1129 830 1175 s.
855 1127 1012 1176 nunonis
1035 1124 1306 1175 nrrconnmusra

480 1323 579 1388 super
611 1301 736 1365 auditis
758 1302 909 1377 veritate,
943 1300 1103 1365 inoffenso
1138 1299 1261 1365 mentis
1287 1298 1416 1385 judicio
1448 1296 1538 1382 quod

480 1400 587 1469 ratio¹
613 1403 754 1469 dictaret
779 1403 915 1468 liberius
936 1410 1163 1487 exequeretur.

525 1505 681 1570 Plurimis
703 1527 781 1571 vero
814 1506 932 1582 Deum,
962 1511 1002 1570 ut
1037 1506 1200 1592 sperabat,
1224 1502 1423 1568 timentibus
1455 1499 1539 1564 viris

481 1615 581 1693 atque
615 1608 765 1673 discretis
799 1609 957 1693 injunxit,
981 1611 1021 1672 ut
1055 1629 1208 1694 personas
1235 1606 1381 1670 moribus
1404 1607 1440 1669 et
1462 1603 1539 1666 doc-

482 1711 572 1776 trina
594 1711 768 1802 probatas,
796 1732 878 1796 quas
907 1711 943 1774 in
974 1711 1135 1797 gremium
1160 1709 1304 1774 ecclesiae
1328 1730 1396 1773 snae
1419 1727 1538 1791 oppor-

480 1814 628 1878 tunitate
669 1834 817 1878 concessa
860 1813 1036 1900 colligeret,
1074 1835 1142 1878 suae
1185 1811 1317 1876 notitiae
1361 1809 1541 1894 diligenter

481 1917 669 2001 exploratas
683 1915 886 1980 intimarent.
932 1915 999 1981 Sed
1021 1937 1073 1981 vae
1095 1914 1286 1980 infelicitati
1306 1914 1463 1976 humanae
1486 1910 1539 1973 in·

481 2019 649 2082 firmitatis
665 2023 700 2083 et
714 2018 931 2103 ignorantias!
977 2017 1067 2081 Nam
1091 2023 1126 2080 et
1149 2038 1191 2081 ex
1216 2016 1282 2079 illis
1306 2014 1462 2101 plerique,
1478 2034 1539 2099 pro

481 2120 654 2184 affinitatis
676 2125 736 2184 aut
758 2118 936 2204 cujuslibet
950 2119 1204 2184 necessitudinis
1219 2140 1277 2183 sen
1299 2114 1541 2180 familiaritatis

481 2221 630 2297 obtentu,
661 2221 840 2306 culpandos
862 2221 973 2307 potius
1003 2222 1035 2286 ei
1058 2220 1254 2306 satagebant
1287 2218 1538 2285 commendare:

482 2324 602 2410 quibus
625 2323 796 2388 interdum
811 2328 845 2388 et
868 2324 924 2388 ille
947 2345 1015 2387 non
1031 2322 1174 2399 distulit,
1190 2322 1344 2407 quamvis
1360 2319 1542 2384 infideliter

482 2431 597 2490 contra
619 2448 661 2502 se,
685 2426 786 2488 immo
811 2432 926 2490 contra
950 2426 1057 2488 Deum
1081 2425 1268 2509 agentibus,
1293 2422 1391 2487 fidem
1414 2443 1541 2486 accom-

482 2531 623 2596 modare.
670 2530 725 2595 Ita
747 2553 781 2596 se
813 2532 988 2617 aliquoties
1011 2531 1273 2595 circumventum
1297 2552 1317 2592 a
1341 2527 1541 2613 quibusdam

471 2634 606 2719 ,sciebat
636 2638 671 2698 et
701 2633 877 2720 gemebat3
912 2639 1109 2717 tantamque
1149 2634 1319 2695 hominum
1352 2629 1541 2694 infidelium

483 2735 848 2822 1·›erve1sitatem‚qui2
881 2737 944 2801 Dei
975 2736 1140 2821 patientia
1171 2756 1295 2820 saraque
1328 2733 1543 2819 simplicitate

419 2883 425 2897 .
483 2838 659 2924 purissima
681 2837 776 2901 abusi
806 2839 954 2914 fuissent,
979 2860 1102 2923 magna
1128 2837 1169 2901 de
1192 2842 1312 2902 caetcro
1335 2858 1409 2900 cum
1434 2835 1544 2900 detes-

483 2940 610 3004 tatione
633 2938 848 3017 abhorrebat3
871 2951 905 3003 et
928 2963 948 3002 a
970 2941 1047 3014 suis,
1071 2945 1234 3024 quantum
1265 2939 1368 3013 licuit,
1397 2937 1545 3002 consiliis

484 3063 539 3106 eos
561 3043 797 3125 sequestrabat.
846 3041 968 3105 Verum
992 3042 1062 3107 haec
1085 3063 1123 3105 eo
1150 3047 1279 3128 agente,
1303 3045 1337 3104 et
1371 3040 1412 3104 de
1443 3039 1545 3105 lucris

487 3142 670 3207 Dominicis
710 3166 752 3208 ex
797 3143 1013 3228 acquisitione
1054 3143 1202 3207 fidelium
1244 3142 1429 3206 animarum
1475 3148 1546 3206 stu-

486 3245 609 3309 diosius
624 3249 803 3331 satagente,
827 3268 895 3310 non
911 3246 1111 3330 quieverunt
1135 3244 1304 3308 virulenta
1327 3250 1445 3307 contra
1466 3266 1543 3308 eum

486 3348 647 3433 serpentis
678 3349 808 3433 antiqui
844 3347 1021 3412 molimina.
1070 3348 1134 3412 Sed
1171 3370 1212 3410 ne
1247 3346 1385 3411 taedium
1408 3353 1547 3431 generet
1594 3355 1603 3368 ⁴

487 3449 600 3513 lectori
628 3451 758 3533 paginae
785 3449 1013 3534 prosequentis
1047 3471 1098 3512 res
1132 3449 1278 3534 singulas
1312 3455 1413 3533 prout
1439 3455 1544 3534 gestae

486 3558 565 3614 sunt
600 3549 776 3630 effluentia,
802 3551 953 3634 plurimis
977 3552 1114 3626 omissis,
1138 3574 1177 3615 ea
1209 3552 1399 3614 summatim
1427 3572 1470 3614 ex
1493 3550 1547 3614 his

488 3676 562 3736 quae
597 3652 788 3715 acciderunt
828 3652 1052 3736 exprimimus,
1085 3676 1159 3737 quae
1192 3654 1348 3739 praesenti
1387 3653 1545 3737 opusculo

488 3753 686 3817 credidimus
709 3754 815 3837 magis
839 3760 1032 3839 opportuna.

317 3877 465 3933 December,
534 3855 613 3919 Uno
658 3856 762 3940 igitur
796 3878 883 3919 anno
917 3862 951 3920 et
985 3857 1154 3921 mensibus
1195 3857 1261 3921 fere
1292 3861 1436 3941 quatuor
1466 3862 1546 3921 ante

317 3943 472 4058 ssqgassssl
488 3965 628 4023 mortem
644 3958 833 4035 suam,³1·cx
849 3959 1035 4044 Anglorum
1053 3960 1213 4024 Ricardus
1230 3961 1265 4022 in
1280 3983 1415 4045 gravem
1431 3966 1547 4024 contra

318 4091 397 4152 anger
487 4063 595 4148 ipsum
618 4061 742 4126 exarsit
768 4060 860 4136 iram,
886 4061 1010 4124 talida
1034 4083 1138 4125 causa.
1185 4063 1263 4147 Ipso
1283 4063 1446 4146 siquidem
1471 4084 1546 4148 rege

318 4150 419 4273 ffiu
487 4166 523 4227 in
561 4164 791 4227 transmarinis
823 4169 951 4250 agente,
983 4187 1020 4227 ac
1055 4168 1170 4227 contra
1202 4165 1403 4228 Francorum
1435 4184 1546 4249 regern

319 4276 428 4326 Genernl
488 4265 679 4349 Philippum
702 4267 821 4329 acriter
844 4268 1024 4351 praeliante,
1056 4272 1168 4330 coacta
1193 4272 1252 4344 est,
1277 4272 1416 4331 vocante
1440 4267 1546 4329 archi·

318 4342 462 4459 ffgffld·
489 4368 638 4453 episcopo
656 4368 894 4434 Cantuariense
918 4369 1083 4445 Huberto‚
1099 4369 1141 4432 ad
1166 4369 1317 4454 generale
1345 4369 1545 4453 colloquium

523 4589 529 4619 ¹
542 4590 620 4654 ratio]
641 4589 676 4638 So
687 4590 748 4638 Pez.
762 4611 768 4649 ;
787 4606 847 4650 non,
859 4590 914 4640 MS.
1038 4591 1081 4640 the
1092 4591 1217 4656 colloquy,
1230 4607 1257 4640 as
1268 4592 1329 4641 held
1340 4599 1366 4642 at
1378 4590 1478 4641 Oxford
1493 4592 1546 4642 De-

521 4670 597 4733 ²qur]
619 4669 654 4719 So
665 4669 744 4728 Pez.;
764 4686 828 4732 quae,
840 4669 896 4719 lis.
1037 4672 1138 4719 camber
1157 4675 1180 4731 7,
1207 4669 1445 4734 1197.-Twysden,
1472 4676 1544 4722 1600.

522 4748 799 4811 Ἄαητεηιονίεηιιειιαηι]
813 4747 991 4798 Richarudiar
1039 4751 1171 4813 Compare,
1200 4750 1262 4809 also,
1286 4751 1409 4799 Hovedcn
1439 4749 1551 4811 (savit,

488 4827 564 4890 April
583 4832 606 4887 6,
624 4832 705 4884 1199;
723 4841 771 4874 one
787 4841 849 4889 year
866 4828 915 4874 and
935 4828 991 4876 four
1038 4831 1139 4891 441b),
1160 4831 1246 4880 whose
1264 4837 1372 4879 account
1392 4830 1423 4877 of
1436 4829 1480 4878 the
1501 4831 1547 4879 de-

487 4906 590 4955 months
600 4905 684 4955 before
696 4904 780 4954 which
792 4919 843 4953 was
852 4904 991 4955 December
1037 4911 1112 4957 mand
1132 4912 1205 4958 made
1229 4926 1262 4958 on
1284 4909 1328 4958 the
1350 4908 1434 4973 king’s
1459 4908 1552 4959 benur

492 4988 562 5034 1197.
1037 5005 1124 5053 agrees
1136 4989 1198 5039 with
1209 4989 1265 5039 that
1276 4989 1307 5038 of
1319 5003 1365 5039 our
1376 4988 1476 5038 author.

523 5063 634 5112 Gerrase
650 5062 681 5110 of
697 5061 854 5126 Cantcrbury
865 5062 991 5113 mentions
