4125 6334
597 1115 663 1182 362
818 1129 900 1179 vrrs
923 1130 949 1181 s
974 1130 1131 1181 uuooms
1154 1129 1422 1181 nmoousrnusrs

595 1315 612 1341 “
635 1310 763 1371 eertum
785 1307 974 1392 aeoeperim,
997 1306 1079 1391 quia
1100 1305 1255 1371 videlieet
1277 1305 1371 1372 vobis
1401 1307 1553 1392 quodam
1577 1312 1660 1373 tem-

434 1419 526 1484 Supra,
538 1438 562 1486 p.
596 1416 612 1443 “
635 1429 713 1495 pore
735 1430 828 1473 saera
851 1409 1010 1495 mysteria
1034 1408 1284 1487 celebrantibus,
1300 1429 1418 1495 eorpus
1439 1408 1659 1475 Dominieum

429 1491 485 1537 ²⁴¹·
595 1516 612 1545 “
636 1510 673 1573 in
695 1511 801 1596 speeie
825 1510 1005 1576 invisibilis
1027 1510 1166 1576 infantis
1188 1511 1225 1574 in
1247 1510 1399 1576 manibus
1421 1513 1556 1591 vestris,
1580 1533 1656 1578 eon·

593 1621 610 1646 “
633 1615 749 1676 tuente
771 1613 807 1677 id
829 1612 1000 1678 vobiscum
1031 1611 1174 1698 quodam
1205 1612 1329 1693 clerieo,
1358 1617 1586 1678 monstratum
1609 1615 1654 1680 sit

595 1721 612 1749 “
636 1720 670 1778 et
692 1714 809 1779 visum.
858 1714 959 1780 Unde
981 1719 1016 1780 et
1039 1715 1170 1779 animus
1198 1736 1291 1780 meus
1320 1715 1435 1780 erebra
1456 1715 1653 1782 stimulatur

594 1822 611 1850 “
634 1816 842 1899 poenitentia,
866 1817 945 1903 quia
967 1839 1003 1882 os
1026 1823 1174 1882 vestrum
1197 1838 1294 1903 super
1315 1816 1414 1902 hujus
1436 1818 1485 1883 rai
1506 1819 1651 1883 veritate

593 1926 610 1951 “
632 1938 701 1981 non
730 1919 943 2006 interrogavi,
967 1939 1044 1984 eum
1073 1919 1175 1984 toties
1204 1919 1299 1984 vobis
1330 1920 1411 1985 adeo
1440 1917 1650 1986 familiariter

594 2025 612 2053 “
636 2020 764 2086 loeutus
786 2020 862 2085 fuff’

639 2122 703 2186 His
733 2123 788 2186 ille
818 2122 942 2186 auditis
972 2122 1022 2186 ita
1051 2141 1131 2187 voca
1160 2121 1289 2208 placida
1321 2121 1513 2209 respondit:
1548 2123 1648 2189 “Etsi

594 2229 612 2256 “
635 2228 725 2300 tuno,
758 2224 891 2307 quando
924 2223 1012 2299 diois,
1046 2227 1081 2287 et
1119 2222 1185 2286 alia
1222 2223 1426 2309 frequentius
1463 2223 1528 2289 hoe
1565 2225 1648 2289 mihi

594 2333 612 2358 “
636 2324 798 2388 Dominus
821 2324 965 2388 revelare
989 2324 1229 2410 dignatusest,
1254 2324 1335 2410 quid
1357 2325 1435 2390 inde
1457 2326 1522 2391 tibi
1544 2325 1647 2408 yist''

639 2423 724 2489 (lum
758 2425 801 2489 ad
832 2425 902 2490 haee
936 2447 995 2490 nee
1029 2425 1085 2490 ille
1119 2426 1214 2511 plura
1245 2427 1376 2506 diceret,
1410 2448 1470 2493 nee
1505 2428 1646 2514 amplius

593 2548 691 2613 super
719 2526 780 2592 hoe
810 2548 959 2593 sermone
988 2527 1051 2592 iste
1082 2549 1157 2592 eum
1187 2529 1394 2613 perarmetari
1423 2529 1569 2609 auderet,
1593 2530 1647 2594 ad-

589 2628 671 2712 jecit
702 2630 733 2693 ei
767 2629 915 2693 confiteri
946 2629 1116 2714 eujusdam
1146 2629 1332 2695 formidinis
1364 2632 1566 2717 scrupulum,
1590 2633 1646 2718 qui

593 2731 664 2814 ejus
686 2730 728 2795 ab
752 2733 848 2795 annis
871 2731 1053 2817 puerilibus
1074 2731 1186 2796 animo
1208 2733 1383 2813 insederat,
1406 2737 1441 2799 et
1462 2733 1614 2800 dioebat:

638 2840 656 2868 “
672 2833 767 2912 Quia,
798 2834 939 2911 domine,
962 2834 1072 2897 media
1102 2835 1175 2898 vita
1208 2834 1243 2897 in
1275 2840 1383 2901 morte
1411 2856 1536 2917 sumus,
1568 2837 1646 2900 dum

595 2942 611 2967 “
633 2935 750 2998 mortis
784 2935 983 3019 quandoque
1014 2940 1167 3002 venturae
1200 2936 1381 3023 imaginem
1415 2938 1539 3003 mentis
1570 2959 1645 3003 con·

594 3042 610 3067 “
634 3034 760 3119 speetui
783 3036 903 3121 saepius
926 3042 1136 3122 repraesento,
1162 3038 1296 3103 horrore
1319 3040 1462 3125 quodam
1486 3040 1645 3105 immenso

464 3156 509 3198 na
522 3152 546 3198 b.
594 3142 612 3171 “
636 3142 727 3201 totus
750 3138 936 3223 perfundor.
983 3138 1074 3203 Dum
1090 3141 1178 3205 euim
1201 3141 1309 3227 cogito
1324 3141 1404 3227 quia
1425 3162 1446 3205 a
1460 3141 1560 3206 rebus
1575 3164 1646 3229 eog-

595 3247 611 3271 “
634 3238 715 3303 uitia
738 3240 782 3304 ad
797 3262 853 3305 eas
868 3262 950 3325 quas
972 3242 1083 3307 neseio
1105 3261 1216 3306 rerum
1239 3243 1363 3329 speeies
1385 3244 1495 3309 subito
1517 3245 1646 3330 rapien-

594 3351 610 3376 “
634 3342 704 3421 dus,
738 3364 796 3428 per
825 3342 900 3408 illos
931 3344 1032 3407 etiam
1063 3364 1144 3430 quos
1173 3345 1290 3430 ignoro
1322 3366 1343 3409 a
1373 3345 1462 3411 notis
1492 3347 1644 3411 omnibus

594 3443 849 3508 “abducendus
875 3467 956 3522 sum,
984 3465 1051 3509 non
1076 3446 1167 3510 sinor
1190 3446 1390 3511 confusionis
1412 3468 1544 3533 magnae
1569 3450 1646 3513 flue-

594 3552 610 3579 “
635 3547 724 3609 tibus
747 3569 815 3609 non
838 3546 974 3622 involvi,
991 3553 1026 3610 et
1049 3548 1143 3611 tedii
1158 3548 1329 3633 eujusdam
1352 3550 1472 3634 abysso
1495 3551 1644 3616 funditus

593 3647 807 3710 “absorberi
857 3647 963 3730 Super
986 3646 1085 3732 hujus
1108 3670 1186 3714 vero
1218 3649 1431 3727 incommodo,
1456 3652 1644 3718 inordinato

594 3756 609 3779 “
633 3752 673 3810 ut
695 3749 777 3810 bene
806 3748 875 3831 jam
901 3749 1024 3812 sentire
1059 3751 1144 3836 coepi
1179 3755 1353 3831 tormento,
1383 3753 1512 3817 consilii
1543 3756 1644 3820 vestri

593 3855 609 3881 “
634 3870 694 3932 ope
726 3850 807 3912 satis
842 3850 1003 3935 indige0.¹'
1050 3852 1104 3915 Ad
1135 3853 1206 3917 haee
1237 3854 1293 3917 ille
1323 3854 1487 3920 beneficus
1521 3878 1645 3942 semper

592 3951 876 4037 interpellantium
900 3974 933 4016 se
957 3954 1133 4033 consultor,
1150 3956 1360 4040 responsione
1383 3957 1477 4022 brevi
1499 3960 1643 4045 amplum

593 4054 735 4118 eontulit
780 4055 928 4139 poscenti
975 4056 1182 4120 remedium:
1232 4065 1248 4092 “
1265 4058 1438 4137 Tantum,'’
1483 4061 1642 4145 inquiens,

594 4166 610 4188 ‘⁴
633 4157 781 4220 solicitas
796 4156 840 4219 sis
855 4163 933 4220 ante
947 4162 1088 4221 mortem
1104 4158 1186 4222 bene
1204 4160 1325 4238 vivere,
1345 4165 1380 4224 et
1402 4160 1645 4227 solicitudinem

592 4265 609 4290 *ί
636 4279 745 4320 eorum
769 4279 843 4342 quae
865 4263 1005 4323 mortem
1028 4266 1207 4343 sequentur
1234 4261 1378 4326 Domino
1400 4262 1580 4348 relinque.''

638 4358 702 4422 His
725 4360 830 4435 dietis,
861 4361 918 4444 qui
954 4361 1158 4445 loquebatur,
1191 4385 1264 4427 eum
1297 4364 1423 4429 visione
1453 4372 1643 4442 memorata,

591 4465 726 4546 repente
749 4462 921 4547 disparuit.
970 4462 1035 4542 Qui
1058 4484 1137 4528 vero
1164 4462 1234 4528 haee
1258 4465 1390 4530 viderat
1420 4472 1455 4531 et
1485 4467 1643 4544 audierat,

591 4564 712 4649 gaudio
736 4564 861 4649 plenus,
885 4566 925 4629 de
948 4588 1063 4630 somno
1086 4567 1223 4647 excitus,
1248 4589 1344 4653 super
1367 4568 1475 4633 tribus
1498 4571 1644 4635 articulis

592 4689 691 4752 snpra
713 4667 904 4730 memoratis
927 4668 977 4731 ita
1008 4668 1072 4731 sibi
1105 4668 1308 4733 satisfactum
1342 4671 1536 4735 medullitus
1567 4695 1646 4759 quo·

591 4769 765 4833 dammodo
800 4769 911 4847 sensit,
944 4774 982 4832 ut
1015 4791 1145 4833 ornnem
1180 4776 1255 4857 post
1289 4772 1358 4836 haee
1391 4772 1574 4839 dubietatis
1612 4781 1645 4839 et

591 4873 718 4936 timoris
742 4871 930 4956 scrupulum
954 4872 1062 4955 quoad
1085 4873 1245 4957 praedicta
1268 4874 1425 4939 radicitus
1449 4898 1469 4938 a
1491 4899 1550 4941 suo
1571 4900 1644 4962 pee-

591 4978 661 5038 tore
696 4974 847 5038 avulsum
886 4994 954 5037 esse
991 4973 1061 5059 ipse
1099 4997 1228 5060 quoque
1266 4977 1378 5040 mirari
1417 4983 1642 5059 consueve1·it;
