4125 6334
772 1168 876 1219 nmna
897 1169 929 1232 v,
954 1167 1025 1218 cnr.
1050 1168 1149 1217 xviii
1414 1154 1479 1219 359

429 1349 565 1413 tandem
587 1346 777 1434 egritudine
799 1348 992 1431 praeventus
1015 1350 1173 1424 extrema,
1198 1343 1352 1429 Hugonis
1367 1345 1480 1409 minis

430 1452 514 1515 terio
551 1448 670 1514 ultima
706 1446 932 1529 institutionis
966 1445 1165 1511 Christianae
1202 1445 1348 1532 percepit
1377 1468 1481 1511 saera-

430 1559 550 1620 monta
595 1553 666 1618 Neo
688 1554 832 1617 multum
855 1556 930 1637 post
954 1550 1035 1631 haec,
1051 1550 1222 1636 episcopus
1244 1550 1423 1615 consistens
1445 1552 1481 1615 in

431 1656 574 1741 quodam
596 1655 777 1741 municipio
806 1674 866 1718 suo
889 1653 978 1739 quod
1009 1651 1143 1716 lafford
1172 1658 1401 1739 nuncupatum
1422 1657 1481 1730 est,
1495 1664 1544 1716 His
1554 1666 1629 1717 death

433 1757 522 1822 vidit
544 1759 580 1822 in
607 1756 732 1822 somnis
758 1778 793 1821 se
823 1754 1010 1820 constitisse
1040 1774 1131 1819 secus
1161 1754 1322 1832 cellulam,
1351 1755 1388 1818 in
1418 1777 1484 1840 qua
1495 1734 1590 1848 ffin
1601 1806 1627 1848 ω

370 1881 372 1886 ·
433 1860 568 1925 fratrem
593 1859 771 1936 Morinum,
798 1858 860 1923 hoc
882 1858 969 1923 enim
993 1856 1191 1921 vocabulum
1213 1857 1287 1921 viro
1309 1856 1386 1937 fuit,
1409 1857 1484 1922 reli-
1497 1865 1630 1930 Hugbby

434 1968 551 2047 queas
572 1962 803 2046 normanum.
850 1959 917 2039 Qui
938 1958 1175 2044 introspiciens,
1198 1959 1383 2024 columbam
1406 1933 1651 2049 avegffija*

434 2064 654 2129 candidiorem
682 2063 789 2127 cernit
810 2062 853 2126 ab
882 2062 1005 2147 angulo
1035 2061 1070 2124 in
1101 2060 1269 2147 angulum,
1299 2063 1485 2147 passimque

435 2187 492 2252 per
521 2167 656 2231 domum
688 2165 753 2230 huo
786 2162 929 2248 illucque
958 2163 1137 2242 volantem,
1168 2167 1202 2227 et
1232 2163 1325 2248 quasi
1355 2165 1485 2230 exitum

435 2268 534 2333 anxie
560 2266 790 2352 inquirentem
838 2263 936 2344 Quod
962 2264 1021 2328 ubi
1044 2263 1250 2350 aliquamdiu
1271 2265 1413 2331 miratus
1435 2288 1485 2331 aa·

435 2370 538 2455 pexit,
572 2392 593 2433 a
624 2389 740 2434 somno
770 2387 926 2432 excussus
956 2366 1124 2446 smrexit3
1157 2367 1323 2453 jussitque
1352 2373 1487 2455 paratos

436 2472 554 2537 adduci
569 2492 679 2558 equos,
701 2475 742 2536 ut
764 2469 898 2535 obviam
921 2473 1074 2554 pergeret
1095 2468 1204 2534 funeri
1227 2468 1338 2534 fratris
1354 2470 1486 2551 Morini,

436 2573 524 2659 quod
559 2574 600 2638 de
630 2572 753 2649 Stowa,
785 2572 843 2636 ubi
878 2571 1105 2635 exanimatum
1135 2570 1211 2647 fuit,
1242 2572 1285 2635 ad
1316 2573 1488 2637 Brueriam
1501 2579 1646 2630 Heoieuat

436 2674 620 2762 depositum
636 2678 708 2739 erat
721 2671 903 2752 transferri,
919 2677 959 2737 ut
982 2671 1178 2758 sepeliretur
1199 2672 1255 2737 ibi.
1294 2672 1378 2739 Erat
1400 2674 1489 2739 enim
1502 2646 1637 2764 {mlo

434 2778 522 2842 idem
546 2776 695 2842 Morinus
718 2776 759 2840 de
781 2775 897 2840 ordine
919 2774 1066 2839 militum
1083 2773 1220 2860 Templi,
1236 2778 1372 2861 crotous
1387 2776 1489 2842 Brue-
1504 2780 1607 2843 Temple

436 2880 487 2943 aa
509 2879 659 2965 queam
688 2877 817 2942 mansa
848 2876 986 2963 insignis
1016 2876 1150 2941 snorum
1184 2875 1333 2963 subjecta
1364 2878 1489 2944 aaran.
1503 2847 1651 2976 3333?

437 2982 526 3046 Dum
549 2980 655 3067 igitur
674 2983 870 3045 sternuntur
892 2979 977 3064 equi,
1002 2982 1039 3043 et
1065 2978 1234 3065 episcopus
1257 2979 1591 3065 primaehorae,11ush·

436 3104 510 3150 cum
540 3082 665 3148 clericis
695 3082 763 3146 suis
787 3102 869 3167 quos
899 3081 1021 3146 fecerat
1050 3081 1206 3158 accersiri,
1238 3081 1380 3167 hymnos
1410 3084 1491 3149 cele·
1551 3091 1605 3138 12⁷·

437 3187 556 3261 braret,
579 3185 675 3249 adest
695 3190 830 3268 repente
853 3182 1000 3260 nuntius,
1018 3183 1076 3268 qui
1099 3184 1374 3269 elemosynarium
1396 3191 1493 3252 nocte

438 3288 547 3352 media
568 3285 696 3351 indicat
718 3286 890 3371 expirasse.
938 3284 1030 3349 Tunc
1054 3285 1223 3372 episcopus
1248 3287 1329 3372 quid
1344 3289 1491 3368 vidisset,

439 3393 475 3454 ct
504 3389 584 3475 quia
614 3388 657 3453 ob
692 3388 801 3474 ipsum
831 3387 942 3452 visum
973 3408 1070 3451 suum
1101 3388 1198 3452 solito
1228 3390 1392 3456 maturius
1422 3412 1492 3456 sur·

384 3479 386 3483 ⁸
439 3492 587 3567 rexisset,
611 3489 833 3577 praesentibus
855 3488 1037 3553 intimavit.
1082 3488 1263 3554 Distabant
1285 3491 1328 3556 ab
1350 3492 1492 3559 invicem

441 3593 612 3658 Stowense
646 3594 840 3667 manerium,
875 3591 934 3655 ubi
964 3590 1020 3655 ille
1050 3590 1142 3669 obiit,
1174 3597 1209 3657 et
1246 3597 1389 3658 castrum
1420 3595 1495 3660 Laf-

441 3694 600 3773 fordense,
634 3694 693 3758 ubi
722 3694 793 3779 ejus
827 3692 957 3758 obitum
991 3693 1055 3757 iste
1092 3693 1261 3781 praemissa
1293 3696 1494 3763 revelatione

442 3796 590 3883 agnovit,
612 3795 679 3861 fere
710 3794 858 3859 millibus
884 3794 1015 3880 viginti
1062 3793 1213 3859 Advenit
1236 3801 1348 3861 autem
1377 3798 1496 3864 obvius

442 3898 549 3963 funeri
571 3897 615 3962 ad
639 3897 747 3962 locum
768 3901 1009 3975 memoratum3
1032 3896 1119 3982 quod
1144 3896 1276 3977 ibidem,
1300 3920 1360 3985 pro
1383 3902 1496 3986 requie
1602 3907 1609 3918 ’

443 3999 590 4066 fidelium
621 3998 744 4064 divinis
774 4003 854 4063 ante
880 3997 1052 4063 celebratis
1079 3996 1192 4062 officiis
1221 4002 1256 4062 et
1286 3998 1404 4065 hostiis
1434 4004 1495 4067 im-

443 4101 623 4178 maculatis,
646 4101 788 4165 devotus
811 4100 908 4186 hujus
931 4100 1077 4165 muneris
1104 4104 1259 4165 executor
1281 4100 1383 4188 Hugo
1405 4125 1495 4191 sepe-

443 4204 528 4270 livit

490 4306 536 4371 Et
557 4304 619 4370 hoc
648 4324 778 4389 quoque
807 4303 992 4369 incidenter
1021 4302 1207 4379 retulimus,
1229 4309 1351 4390 praeter
1380 4308 1497 4374 seriem

444 4407 594 4472 instituti
616 4411 780 4472 tractatus
802 4427 901 4492 quem
923 4405 1076 4492 prosequi
1101 4425 1312 4492 coeperamus,
1334 4408 1371 4473 in
1394 4411 1499 4475 omni-

446 4508 509 4574 bus
544 4509 597 4573 his
634 4508 886 4574 aedificationem
927 4508 1039 4595 potius
1079 4506 1211 4573 lectoris
1256 4531 1354 4596 quam
1400 4512 1498 4599 periti

446 4610 613 4696 scriptoris
634 4610 773 4696 gloriam
796 4615 1018 4697 aucupantes3
1042 4609 1078 4673 in
1101 4631 1166 4695 quo
1184 4615 1297 4677 tamen
1319 4636 1339 4677 a
1361 4615 1499 4680 materia

447 4716 563 4798 ooeptae
592 4712 792 4776 narrationis
822 4734 859 4777 eo
889 4712 999 4776 minus
1028 4712 1228 4790 recessimus,
1259 4736 1323 4800 quo
1346 4738 1366 4779 a
1387 4716 1499 4781 funere

447 4814 487 4877 ad
513 4815 621 4891 funus,
644 4814 687 4878 ad
709 4814 847 4879 visionis
876 4814 1113 4880 revelationem
1135 4837 1155 4879 a
1178 4816 1400 4882 consimilibus
1422 4818 1501 4882 visi-

448 4917 567 4981 onibus
598 4916 735 5002 digressi
767 4938 887 4981 sumus.
933 4916 998 4981 Sed
1023 4918 1104 5003 jam,
1134 4918 1317 4983 auxiliante
1350 4919 1502 4999 Domino,

449 5039 488 5083 ea
517 5040 592 5104 quae
621 5040 797 5104 parumper
828 5018 997 5083 omisimus
1031 5020 1167 5085 celerius
1197 5020 1391 5106 explicanda
1413 5044 1503 5110 repe-
