4125 6334
411 1193 419 1211 .
523 1140 525 1143 ’
592 1145 656 1211 228
814 1155 897 1206 vim
920 1157 944 1204 s.
968 1154 1124 1203 ancoris
1146 1151 1418 1201 amconmnnsrs.

589 1332 798 1419 adimplebat.
847 1332 883 1397 Si
906 1354 974 1397 non
996 1331 1155 1396 defuisset
1177 1330 1281 1395 codex
1303 1329 1449 1406 idoncus,
1465 1328 1535 1415 ipsc
1559 1326 1653 1414 quod

424 1454 540 1506 Ceremo.
591 1435 768 1502 sacerdotis
798 1439 883 1500 asset
905 1434 1183 1522 prosequebatur;
1221 1433 1387 1498 orationes
1418 1430 1652 1520 pronuntians,

424 1522 565 1654 ffiffifssy
591 1559 711 1622 aquam
734 1538 942 1603 benedictam
962 1558 1147 1624 aspergens,
1171 1535 1380 1601 thuribulum
1406 1534 1652 1612 circumferens,

423 1656 578 1719 tuepriestat
592 1646 715 1707 terram
753 1640 981 1728 superjaciens,
1019 1660 1058 1704 ac
1094 1638 1222 1725 reliqua
1257 1638 1347 1702 illius
1384 1637 1490 1703 officia
1520 1636 1651 1702 solicite

423 1722 555 1774 “um
592 1744 764 1831 complens
810 1743 891 1808 Post
923 1765 1006 1829 quas,
1040 1740 1280 1807 absolutionem
1310 1763 1385 1805 cum
1417 1739 1652 1806 benedictione

516 1844 523 1855 '
592 1846 784 1933 adjungens,
808 1846 874 1911 iter
896 1848 1042 1931 coeptum
1065 1850 1256 1931 peracturus
1278 1833 1401 1909 abibat.

423 1964 536 2030 Inlarge
636 1948 833 2035 Plerumque
852 1952 964 2014 autern
986 1946 1023 2011 in
1046 1944 1175 2033 magnis
1197 1946 1379 2010 consistens
1401 1943 1549 2020 urbibus,
1567 1942 1651 2007 dum

424 2030 634 2162 ffffiffissad
655 2072 919 2136 unumquemque
950 2048 1173 2136 sepeliendum
1196 2049 1412 2135 processisset,
1440 2046 1652 2111 nuntiaban-

423 2166 492 2229 body
502 2165 567 2215 aster
591 2158 649 2217 tur
671 2152 701 2217 ei
734 2152 792 2217 alii
825 2156 926 2237 atque
960 2151 1028 2227 alii,
1060 2150 1181 2236 passim
1219 2173 1278 2237 per
1308 2150 1454 2215 diversas
1492 2148 1649 2214 ecclesias

422 2233 520 2362 1110ξὲΒῇ
593 2254 779 2342 sepeliendi.
826 2253 893 2334 Qui
915 2273 1134 2340 magnacum
1149 2252 1320 2319 alacritate
1335 2254 1507 2318 universos
1522 2251 1654 2325 adibat,

424 2363 516 2414 dinner
593 2357 755 2421 universis
778 2355 972 2443 singillatim
995 2355 1146 2421 debitum
1161 2354 1341 2442 sepeliendi
1360 2354 1502 2420 officium
1527 2353 1653 2418 devote

423 2431 548 2495 mightbe
594 2459 794 2545 impendens.
841 2456 912 2522 Nec
935 2457 1037 2544 prius,
1060 2457 1226 2544 quotlibet
1248 2457 1305 2522 isti
1329 2458 1477 2539 fuissent,
1501 2478 1521 2520 a
1545 2460 1654 2519 tantae

424 2504 536 2643 gilli
593 2560 810 2627 humanitatis
842 2582 978 2625 munere
1010 2560 1150 2637 destitit,
1183 2581 1282 2646 quam
1314 2560 1443 2625 nullum
1480 2579 1653 2646 superesse

423 2638 567 2763 ffffissm'
593 2664 651 2749 qui
681 2662 877 2750 sepeliretur
899 2662 1045 2749 agnovit.
1093 2662 1326 2743 Querebantur
1348 2682 1587 2746 nonnunquam
1616 2665 1654 2724 et
1717 2658 1720 2663 ’

592 2766 846 2831 murmurabant
880 2769 1032 2851 potentes
1063 2764 1204 2850 quilibet
1234 2765 1308 2843 viri,
1336 2787 1410 2831 cum
1449 2786 1486 2829 eo
1523 2763 1654 2849 pariter

592 2869 775 2943 comessuri,
798 2867 884 2954 quia,
916 2867 995 2930 dum
1018 2866 1080 2931 hoc
1104 2867 1231 2932 diutius
1254 2873 1375 2954 ageret,
1406 2867 1487 2931 hora
1515 2865 1653 2952 prandii

587 2970 659 3055 jam
683 2969 810 3041 dudum
833 2969 1023 3055 praeteriret.
1070 2969 1193 3034 Verum
1217 2970 1272 3034 ille
1295 2992 1473 3055 nunquam,
1497 2991 1556 3034 seu
1579 2969 1653 3054 ipse

592 3074 651 3136 hos
673 3072 858 3149 invitasset,
890 3094 947 3136 seu
981 3072 1024 3136 ab
1057 3072 1105 3137 eis
1127 3072 1183 3136 ille
1206 3078 1290 3137 esset
1313 3073 1356 3137 ad
1385 3072 1564 3159 prandium
1599 3071 1654 3135 in·

593 3174 731 3254 vitatus,
748 3175 818 3239 sive
836 3174 936 3259 hujus
951 3174 1008 3255 rei,
1025 3175 1096 3239 sive
1111 3176 1247 3240 alterius
1263 3175 1483 3262 cujuscunque
1507 3173 1655 3239 obtentu

593 3277 728 3364 negotii,
752 3277 851 3362 hujus
889 3277 1068 3342 omittebat
1097 3278 1232 3363 pietatis
1264 3299 1345 3363 opus
1378 3298 1534 3356 exercere,
1567 3276 1653 3341 dum

513 3388 517 3395 '
594 3381 653 3445 ubi
676 3384 840 3445 exerceret
862 3379 1006 3465 reperire
1029 3376 1212 3465 potuisset,l

426 3497 533 3548 Thisbe
641 3483 705 3547 Sed
737 3504 852 3568 parurn
883 3487 934 3546 est
966 3481 1055 3565 quod
1089 3482 1158 3547 haeo
1190 3483 1230 3546 de
1265 3482 1447 3547 minoribus
1478 3481 1655 3548 referimus

427 3565 552 3680 23⁰3?
596 3584 749 3670 personis.
797 3582 938 3647 Constat
961 3584 1050 3645 enim
1073 3584 1151 3667 quia
1174 3590 1207 3649 et
1223 3608 1243 3647 a
1265 3585 1397 3671 regibus
1419 3584 1582 3648 invitatus
1607 3586 1653 3649 ad

427 3698 541 3761 viteuuy
597 3707 743 3749 mensam
766 3684 853 3747 idem
876 3684 1022 3748 effecerit.
1071 3685 1158 3749 Nam
1174 3691 1208 3750 et
1231 3687 1392 3772 posterius
1412 3687 1499 3772 apud
1523 3686 1654 3751 Rotbo-

426 3763 510 3904 Ϊῖξῗ
597 3809 731 3872 magum
754 3809 774 3849 a
796 3807 870 3871 rege
898 3785 1046 3865 Ricardq
1071 3791 1105 3851 et
1128 3790 1220 3873 prius
1243 3788 1319 3852 olim
1343 3789 1386 3853 ab
1409 3788 1478 3873 ejus
1500 3788 1653 3874 genitoffl

428 3922 525 3980 Rouen,
599 3890 743 3954 Henricc
769 3893 900 3974 rogatus
935 3888 978 3951 ad
1001 3890 1270 3970 convescendum,
1297 3890 1426 3955 tamdiu
1450 3890 1583 3955 distulit
1607 3892 1652 3956 ad

427 3990 500 4104 *11ξὲ
512 3989 551 4037 ῑῡ·
596 3993 756 4078 palatium
772 3992 1069 4076 vcni1·e,quamdiu
1084 3993 1120 4056 in
1143 3992 1224 4057 urbe
1246 3994 1368 4078 reperit
1383 4015 1463 4078 quos
1487 3994 1654 4079 potuisset

427 4064 539 4172 {icariis
596 4096 737 4184 sepelire.
786 4095 886 4161 Unde
908 4116 1016 4180 regern
1042 4099 1228 4180 utrumque,
1254 4118 1328 4160 cum
1356 4096 1580 4182 optimatibus
1597 4099 1654 4162 vel

426 4188 576 4308 ἒέἓῐέξξΐνθ
597 4205 670 4263 tota
687 4198 793 4262 vsimul
816 4197 918 4283 regali
940 4197 1075 4274 familia,
1101 4198 1137 4261 in
1160 4198 1296 4285 longum
1331 4199 1489 4285 compulit
1518 4198 1654 4284 jejunia

427 4323 555 4390 tollenry
578 4297 767 4386 'protelare
808 4301 887 4363 dum
925 4300 1116 4386 religiosum
1145 4300 1295 4381 officium,
1333 4323 1392 4366 nec
1428 4325 1487 4388 per
1525 4302 1653 4368 aulicos

427 4388 492 4439 ¹¹²⁸·
596 4404 778 4480 accersitus,
824 4401 1101 4488 contemplatione
1144 4403 1318 4490 dignitatis
1363 4427 1419 4469 seu
1465 4404 1654 4471 voluntatis

595 4507 750 4571 humanae
786 4504 977 4570 ullatenus⁹
1015 4506 1181 4591 acquievit
1216 4508 1377 4573 omittere.
1439 4507 1653 4593 Urgentibus

595 4631 673 4674 vero
703 4609 864 4673 ministris
897 4608 1005 4683 curiae,
1039 4613 1078 4672 ut
1109 4609 1304 4675 acceleraret
1329 4609 1427 4695 [ad]³
1450 4632 1561 4695 regem
1592 4634 1653 4677 ex-

594 4719 787 4800 pectantem,
803 4717 837 4776 et
859 4733 967 4775 moras
990 4732 1077 4796 segre
1108 4712 1275 4793 ferentem,
1298 4714 1501 4799 quamtocius
1524 4715 1653 4794 venire,

629 4961 635 4989 ¹
646 4957 776 5024 potuisset]
797 4956 899 5005 Solis.
912 4974 919 5012 ς
932 4961 1021 5017 posset,
1034 4954 1093 5005 Pez.
1174 4958 1241 5025 ³ud]
1270 4958 1322 5009 Not
1341 4958 1367 5007 iu
1388 4957 1464 5011 MS.;
1483 4959 1565 5007 added
1582 4959 1652 5011 from

626 5037 781 5101 ²ullateaus]
801 5037 835 5083 So
847 5035 903 5084 MS.
917 5055 923 5093 3
942 5034 1095 5091 nullatenus,
1142 5035 1200 5084 l‘cz.

594 5118 652 5167 Pcz.
