4125 6334
598 1135 642 1199 60
822 1144 906 1195 vms
929 1146 1133 1196 ennomus
1156 1145 1424 1196 urucomImsrs

598 1320 660 1397 Sic,
691 1320 737 1386 sic
767 1320 895 1386 duobus
924 1320 991 1385 illis
1020 1320 1154 1385 famosis
1186 1325 1220 1385 et
1251 1320 1485 1405 principalibus
1516 1320 1650 1406 antiqui

597 1422 758 1509 serpentis
779 1422 943 1510 capitibus
965 1423 1000 1487 in
1023 1445 1062 1488 eo
1083 1421 1243 1498 contritis,
1266 1444 1287 1486 a
1308 1422 1443 1507 reliquis
1457 1422 1528 1509 ejus
1549 1444 1650 1487 mem-

598 1525 673 1601 bris,
688 1525 724 1589 id
738 1530 790 1590 est
811 1547 832 1589 a
845 1524 938 1590 vitiis
960 1524 1168 1603 secundariis,
1184 1523 1278 1589 facile
1301 1524 1517 1611 imposterum
1531 1526 1650 1590 trium·

597 1626 721 1713 pbavit
767 1627 824 1692 Ita
837 1649 916 1693 vero
931 1627 1109 1714 optabilius
1128 1650 1150 1692 a
1163 1626 1304 1714 figurali,
1319 1648 1419 1712 quam
1435 1627 1515 1692 olim
1530 1627 1650 1693 Petrus

433 1742 493 1792 Act
505 1740 585 1793 rito.
597 1752 619 1794 a
640 1730 802 1796 materiali
825 1730 963 1796 eductus
978 1730 1121 1795 Herodis
1143 1750 1276 1806 carcere,
1297 1729 1464 1796 nesciebat
1478 1730 1558 1817 quia
1572 1752 1650 1795 vere

597 1834 663 1898 ista
683 1832 811 1898 fiebant
842 1855 901 1920 per
930 1833 1105 1920 angelum3
1135 1832 1304 1899 oestimaus
1326 1855 1361 1898 se
1383 1837 1516 1898 tentum
1538 1832 1648 1898 visum

597 1934 729 2012 vidisse,
752 1957 820 2000 non
841 1935 944 2001 etiam
965 1936 1057 2001 visus
1088 1933 1242 2001 effectum
1275 1936 1460 2022 percepisse
1518 1935 1650 2002 Sciebat

597 2061 631 2104 se
665 2038 709 2103 ad
740 2060 884 2125 praesens
913 2038 1128 2120 alleviatum3
1160 2038 1328 2103 nesciebat
1361 2038 1575 2126 imposterum
1606 2040 1649 2104 ab

598 2141 660 2207 bac
688 2140 778 2206 febre
807 2164 842 2207 se
872 2162 942 2206 esse
975 2146 1135 2206 sanatum.
1191 2140 1355 2205 Dominus
1376 2163 1464 2220 vero,
1486 2141 1546 2228 qui
1574 2164 1650 2229 pro-

598 2246 735 2311 curabat
758 2244 830 2330 jam
860 2244 896 2308 in
925 2245 1061 2309 remotis
1090 2244 1206 2309 mundi
1237 2244 1385 2331 partibus
1408 2244 1649 2332 promotionem
1687 2260 1714 2335 '¹

597 2350 676 2435 ejus,
699 2349 753 2426 sic,
777 2370 816 2413 eo
845 2347 1019 2429 nesciente,
1050 2348 1247 2435 operabatur
1280 2348 1421 2412 salutem
1451 2348 1489 2413 in
1520 2347 1650 2414 intimis

474 2507 480 2520 ,
597 2452 748 2517 sensibus
770 2451 847 2534 ejus.

431 2571 487 2621 The
498 2574 570 2638 royal
641 2545 822 2619 Venientes
844 2551 978 2618 autem¹
1012 2553 1098 2641 regis
1131 2552 1232 2640 legati
1257 2552 1454 2631 cartusiam,
1477 2559 1648 2641 assumpto

429 2655 706 2724 mesangmsecum
728 2656 908 2722 venerabili
932 2655 1239 2742 Gratianopolitano
1270 2657 1429 2743 episcopo,
1452 2657 1556 2744 ipsius
1585 2657 1649 2724 loci

429 2714 562 2823 diffidit
594 2761 775 2837 diocesano,
802 2759 917 2825 literas
947 2758 1076 2824 domini
1109 2757 1171 2835 sui,
1197 2759 1300 2845 priori
1324 2764 1358 2824 et
1381 2758 1540 2825 fiatribus
1566 2783 1650 2847 pne·

429 2840 518 2957 ffi·
595 2867 750 2939 scutatas,
765 2860 998 2949 persuasoriis²
1018 2860 1128 2926 verbis
1143 2861 1336 2948 suppliciter
1362 2867 1396 2926 et
1420 2865 1552 2950 strenue
1575 2885 1650 2949 pro-

472 3003 499 3049 11
513 2999 536 3048 b.
595 2970 785 3051 sequuntur.
832 2964 995 3030 Omnibus
1010 2983 1089 3027 vero
1111 2963 1154 3027 ad
1176 2964 1320 3049 primurn
1339 2964 1541 3030 contristatis
1555 2967 1650 3031 audi-

594 3072 676 3145 tum,
701 3067 791 3153 prior
812 3088 912 3152 quam
942 3065 1088 3129 maxime
1118 3066 1355 3131 conturbatur:
1389 3068 1650 3153 procrastinatur

594 3192 706 3235 eorum
726 3168 912 3256 responsio:
937 3167 1144 3233 conscientiae
1166 3172 1202 3232 et
1216 3174 1296 3233 vota
1317 3190 1415 3257 super
1436 3170 1569 3257 negotio
1584 3171 1649 3236 dis-

427 3313 470 3354 ent
481 3305 535 3368 opi·
594 3272 766 3338 cutiuntur
794 3271 927 3337 interim
950 3270 1162 3357 singulorum.
1208 3270 1303 3336 Prior
1324 3271 1470 3358 primus³
1493 3274 1648 3359 petitioni

330 3403 335 3419 ·
425 3371 581 3489 gffiffi
594 3377 727 3463 penitus
757 3374 954 3440 contradicit
966 3398 974 3453 3
1005 3374 1144 3438 fratrum
1179 3375 1215 3437 in
1242 3374 1373 3440 diversa
1393 3376 1545 3442 variatur
1574 3400 1649 3442 sen·

426 3505 582 3570 roganting
595 3479 707 3545 tentia
764 3478 814 3541 Hi
837 3476 938 3541 talem
962 3476 1081 3551 virum,
1104 3481 1139 3541 et
1169 3475 1381 3543 universitati
1411 3478 1536 3544 ordinis
1565 3481 1648 3545 adeo

427 3572 565 3636 rockinga
594 3582 812 3667 profuturum,
836 3579 874 3642 in
904 3585 973 3642 tam
1004 3583 1130 3643 remota
1160 3578 1259 3665 dirigi
1286 3580 1476 3646 nullatenus
1499 3588 1648 3668 oportere

427 3236 573 3289 Thediffer-

426 3647 533 3780 ppppst.
595 3683 749 3747 dicebant
761 3705 769 3759 ;
793 3681 858 3755 olii,
881 3701 1020 3765 quorum
1046 3703 1132 3745 unus
1156 3682 1309 3746 dominus
1325 3682 1418 3747 Bovo
1440 3685 1513 3760 fuit,
1529 3687 1649 3770 quem⁴

428 3788 573 3838 afterwards
594 3790 709 3871 postea
731 3784 874 3871 priorem
892 3782 1083 3849 Withsmiae
1106 3783 1175 3849 baec
1196 3784 1316 3870 saepius
1338 3784 1531 3851 referentem
1555 3788 1648 3852 audi-

428 3856 551 3980 iffiffi,
595 3887 711 3963 vimus,
745 3909 766 3951 a
799 3886 870 3951 Deo
908 3885 1014 3951 exisse
1049 3885 1187 3951 verbum
1226 3889 1313 3973 regis
1352 3888 1548 3965 asserebant,
1588 3912 1649 3956 nec

427 3990 565 4103 ⁰¹¹⁰h⁰sll⁶
595 3995 706 4054 tutum
737 4012 805 4055 esse
830 3990 1051 4056 contradicere
1075 3988 1227 4074 plurimis
1251 3988 1435 4054 rationibus
1458 3990 1647 4058 edocebant

428 4062 582 4172 ῗέἶωῖζζω
595 4103 612 4127 “
634 4092 728 4170 Vos‚”
753 4094 864 4178 inquit
883 4093 983 4168 Bova,
1007 4091 1169 4156 “nescitis
1193 4091 1391 4177 quidquam3
1413 4114 1474 4156 nec
1496 4094 1649 4179 cogitatis

595 4203 613 4231 “
637 4197 714 4279 quia
744 4217 886 4281 superna
909 4193 1082 4280 dispositio
1109 4194 1190 4257 facit
1220 4194 1431 4270 haecomnia,
1458 4201 1498 4259 ut
1523 4196 1649 4262 ordinis

596 4297 734 4380 “hujus
760 4298 917 4361 sanctitas
947 4318 1005 4382 per
1028 4297 1139 4360 virum
1169 4303 1318 4361 sanctum
1348 4298 1510 4382 usquein
1536 4320 1647 4385 supre-

597 4410 613 4436 “
637 4397 732 4463 mos⁵
761 4400 878 4463 muudi
908 4399 1030 4464 limites
1056 4399 1259 4485 splendidius
1287 4399 1454 4465 elucescat.
1501 4400 1568 4466 Sed
1592 4425 1648 4467 ue·

598 4593 828 4600 ψ...-

631 4708 637 4736 ¹
658 4706 784 4758 Venientes
802 4706 894 4771 cutem]
930 4707 999 4755 llere
1011 4706 1100 4771 begins
1176 4706 1250 4768 ἀῶ,
1261 4724 1361 4772 quorum
1378 4745 1384 4759 .
1404 4746 1410 4758 .
1428 4745 1435 4758 .
1454 4710 1554 4776 ιᾳιιιηιι]
1568 4711 1604 4761 So
1615 4712 1646 4762 B.

597 4788 640 4838 the
653 4787 721 4838 third
732 4786 837 4849 chapter
848 4785 875 4834 in
887 4785 915 4836 C.
1142 4789 1194 4836 and
1206 4788 1278 4848 Pez.;
1295 4789 1338 4838 alii
1351 4804 1457 4855 quoque,
1466 4805 1572 4853 quornm
1582 4808 1647 4842 unus

629 4870 639 4898 ²
647 4865 826 4932 persuasoriis]
854 4865 889 4915 So
909 4864 938 4916 C.
956 4866 1005 4914 and
1021 4865 1099 4924 l'cz.;
1142 4867 1224 4926 Bovo,
1236 4884 1318 4932 quem,
1331 4869 1360 4919 C.

596 4946 791 5012 persuasoribus,
803 4945 833 4996 B.
1175 4948 1186 4975 ⁸
1197 4948 1333 5015 supremos]
1354 4949 1389 4998 So
1401 4949 1432 4999 B.
1445 4951 1494 4999 and
1506 4950 1565 5001 Pez.
1578 4971 1585 5013 ς
1603 4968 1648 5002 ex»

586 5065 591 5075 .
628 5029 638 5057 ¹
645 5026 754 5093 primur]
774 5025 809 5076 So
821 5024 850 5076 C.
862 5026 911 5074 and
923 5025 982 5075 Pez.
995 5046 1001 5085 ς
1022 5025 1100 5089 prius,
1143 5034 1244 5089 tremos,
1257 5027 1286 5077 C.

597 5106 629 5156 B.
