4125 6334
430 2154 562 2218 Sprinklcs

430 2221 482 2269 him
495 2222 556 2271 with

429 2288 490 2352 holy
500 2296 584 2339 water.

430 2663 495 2712 llow
507 2664 547 2714 bis

430 2746 488 2778 cun
498 2732 587 2795 biahop

430 2796 480 2845 bad
492 2799 576 2847 before

429 2862 479 2911 ssed
489 2863 554 2912 from

432 2928 473 2977 the
485 2945 554 2980 sarno

336 3048 338 3051 y
429 2996 554 3045 madman.

595 1127 659 1198 276
817 1144 899 1195 vrrs
922 1145 947 1193 s.
971 1142 1130 1194 nuoours
1153 1143 1425 1195 nruconrrnnsrs,
1525 1196 1530 1202 ,

595 1342 669 1384 cum
707 1321 791 1383 ictus
829 1320 949 1385 timent
984 1317 1228 1406 castigantium,
1259 1314 1369 1384 oculos
1399 1316 1658 1404 subaspiciendo

595 1443 670 1487 curn
693 1422 834 1506 quadam
865 1422 1052 1487 formidinis
1076 1427 1157 1486 nota
1186 1422 1222 1484 in
1245 1427 1375 1507 partem
1397 1418 1526 1485 variam
1554 1418 1659 1485 meti-

595 1525 702 1588 culose
733 1525 881 1609 dirigere.
928 1524 1086 1589 Percurso
1122 1526 1237 1609 itaque
1262 1523 1434 1609 evangelio
1472 1543 1579 1609 usque
1610 1521 1655 1586 ad

595 1627 701 1690 locum
724 1626 783 1690 ubi
804 1626 934 1703 dicitur,
952 1627 1122 1692 “Plenum
1145 1626 1262 1713 gratiae
1277 1632 1312 1691 et
1336 1622 1521 1706 veritatis,”
1545 1624 1657 1690 erexit

596 1750 630 1793 se
653 1728 832 1814 episcopus,
862 1733 897 1792 ct
927 1726 1109 1813 patientem
1130 1727 1334 1813 aliquamdiu
1357 1729 1481 1792 tacitus
1505 1726 1655 1792 conside·

596 1830 700 1895 rabat.
747 1829 814 1909 Qui
836 1836 971 1917 repente
991 1830 1028 1894 in
1050 1835 1179 1916 partem
1205 1829 1345 1895 alteram
1371 1830 1503 1895 vultum
1526 1830 1571 1893 ab
1597 1828 1655 1894 illo
1732 1850 1738 1859 ·

596 1932 772 2012 declinam,
795 1933 944 2019 linguam
966 1954 1057 1998 more
1080 1932 1316 1997 subsannantis
1338 1931 1499 2018 produxit
1521 1931 1567 1996 ab
1589 1952 1652 1997 ore.

596 2035 687 2100 Tunc
717 2036 910 2121 indignatus
939 2035 996 2100 ille
1025 2040 1181 2099 strenuus
1210 2034 1389 2120 potestatis
1419 2034 1570 2100 adversae
1598 2034 1654 2099 de·

596 2138 743 2214 bellator,
775 2160 895 2223 uquam
925 2142 961 2202 et
982 2136 1083 2200 salem
1110 2137 1327 2202 ecclesiastico
1357 2134 1449 2201 ritu¹
1481 2135 1650 2203 celerrime

596 2239 792 2304 benedicens
827 2244 926 2324 atque
967 2238 1188 2314 commiscens,
1226 2238 1367 2324 aspersit
1413 2258 1512 2324 super
1548 2237 1651 2303 illurn.

597 2341 791 2426 Jubensque
821 2340 1112 2406 circumstantibus
1145 2346 1185 2405 ut
1215 2340 1255 2405 de
1289 2340 1348 2403 illa
1378 2360 1466 2425 aqua
1500 2339 1531 2404 ei
1557 2340 1594 2403 in
1616 2361 1652 2404 os

598 2442 779 2519 mitterent,
805 2447 839 2506 et
873 2442 956 2506 dans
990 2442 1144 2506 omnibus
1180 2440 1502 2531 [benedictionem],⁸
1530 2462 1651 2528 equum

598 2545 747 2609 ascendit
769 2550 869 2630 atque
892 2543 1050 2609 discessit.
1098 2544 1343 2610 Benedicebant
1365 2566 1445 2610 vero
1468 2543 1563 2608 illum
1578 2544 1650 2607 uni-

599 2648 686 2712 versi
710 2653 744 2712 et
768 2646 912 2732 singuli;
945 2651 1127 2710 asserentes
1150 2646 1239 2732 quod
1261 2668 1340 2711 suus
1364 2648 1534 2733 episcopus
1556 2646 1651 2732 paulo

600 2755 677 2814 ante
701 2750 815 2814 eadem
838 2750 895 2812 via
917 2749 1123 2823 descendens,
1145 2771 1220 2813 cum
1244 2749 1383 2814 vidisset
1407 2749 1652 2823 daemoniscum,

601 2852 705 2915 nimio
737 2850 852 2916 actus³
881 2873 1011 2936 pavore,
1045 2872 1168 2934 equum
1198 2850 1250 2915 cui
1281 2850 1449 2915 insederat
1470 2849 1651 2915 calcaribus

601 2974 728 3037 urgens,
759 2974 825 3015 non
858 2952 1111 3037 solum·absque
1144 2951 1362 3017 subventione
1393 2952 1550 3017 miserum
1580 2973 1652 3038 per-

599 3055 778 3131 transierit,
810 3054 867 3118 sed
890 3060 1049 3138 tanquam
1076 3055 1215 3139 ipsemet
1245 3054 1340 3119 furiis
1377 3059 1539 3142 ageretur,
1569 3077 1652 3140 equo

599 3162 752 3220 currente
783 3156 958 3242 aufugerit.
1004 3155 1067 3220 Vir
1104 3161 1217 3221 autem
1247 3156 1313 3235 ille,
1343 3162 1467 3222 extunc
1493 3156 1651 3222 liberatus

597 3282 618 3322 a
641 3260 797 3336 daemone,
812 3281 905 3324 suam
920 3259 957 3322 in
979 3264 1148 3345 posterum
1163 3259 1270 3324 vitam
1294 3260 1329 3324 in
1354 3260 1506 3325 omnibus
1521 3259 1652 3325 studuit

598 3362 786 3440 emendare3
809 3383 994 3445 vacansque
1017 3361 1145 3427 diutius
1167 3383 1226 3448 per
1256 3362 1327 3427 loca
1349 3367 1537 3427 sanctorum
1563 3384 1653 3449 pere-

597 3465 778 3548 grinationi
801 3465 872 3549 pire,
897 3486 971 3527 cum
995 3464 1093 3528 annis
1116 3464 1242 3548 aliquot
1268 3463 1410 3529 vixisset
1433 3466 1561 3543 devote,
1585 3466 1650 3528 fine

598 3566 733 3628 tandem
756 3567 843 3628 bono
866 3565 995 3649 quievit
1019 3566 1054 3628 in
1070 3589 1157 3652 pace.

644 3667 725 3729 llaec
748 3667 788 3729 de
812 3667 1094 3732 consummatione
1117 3668 1207 3732 illius
1230 3669 1265 3732 in
1285 3669 1366 3734 villa
1388 3669 1526 3756 praefata
1548 3692 1653 3756 nuper

598 3789 618 3828 a
640 3767 758 3830 vicinis
781 3768 856 3843 suis,
880 3769 937 3853 qui
960 3774 995 3833 et
1024 3769 1212 3835 interfuisse
1243 3793 1277 3836 se
1308 3772 1464 3836 dicebant
1487 3773 1652 3836 curationi

598 3882 795 3949 memoratae,
819 3872 1008 3956 accepimus.
1056 3871 1127 3936 Ubi
1150 3895 1279 3959 quoque
1302 3874 1485 3951 didicimus,
1510 3875 1653 3960 qualiter

596 3994 617 4034 a
654 3973 802 4037 daemone
841 3981 1009 4059 correptus
1046 3975 1165 4054 fuerit,
1203 3998 1278 4040 cum
1316 3977 1439 4041 scilicet
1470 3998 1569 4043 mano
1600 3978 1654 4042 die

597 4076 739 4158 quadam
762 4076 799 4139 in
822 4077 902 4139 navi
925 4076 1084 4140 dormiret
1106 4098 1207 4162 prope
1231 4077 1427 4157 Londonias,
1453 4101 1518 4163 quo
1540 4080 1654 4143 navali

597 4178 746 4241 vehiculo
780 4178 965 4243 adduxerat
997 4179 1090 4264 ligna
1123 4181 1276 4259 venalia;
1308 4181 1366 4244 ubi
1393 4204 1470 4246 mox
1505 4183 1541 4245 in
1576 4204 1654 4246 eum

597 4280 733 4363 spiritus
767 4281 932 4367 malignus
966 4281 1159 4358 intraverat,
1191 4287 1260 4346 tam
1294 4284 1396 4348 socios
1426 4304 1501 4348 suos
1532 4289 1656 4348 nautas

596 4403 695 4465 quam
719 4387 752 4445 et
780 4384 927 4447 membra
957 4384 1090 4469 propria
1113 4383 1268 4448 dentibus
1291 4387 1508 4472 manibusque
1530 4385 1657 4450 discer-

596 4506 671 4568 pere
702 4489 736 4548 et
766 4485 890 4550 laniare
921 4508 1093 4572 aggressus
1124 4491 1192 4565 est3
1223 4489 1282 4551 vix
1312 4489 1493 4553 multorum
1523 4489 1655 4554 auxilio

596 4592 709 4651 tentus
747 4592 781 4652 et
815 4588 958 4664 rinctus,
992 4611 1029 4652 ac
1063 4589 1100 4652 in
1138 4589 1218 4653 navi
1256 4590 1298 4653 ad
1334 4591 1463 4656 trabem
1495 4612 1655 4676 magnam

595 4691 759 4767 astrictus,
783 4690 860 4753 iude
884 4690 927 4753 ad
950 4689 1083 4776 propria
1105 4698 1256 4756 revectus
1279 4699 1336 4758 est.

695 4929 700 4955 ¹
713 4926 875 4975 melesiuslico
883 4924 945 4988 ritu]
961 4924 995 4973 So
1007 4924 1080 4984 MS.;
1099 4941 1168 4975 more
1179 4926 1349 4977 eeclesiastico
1360 4933 1385 4976 et
1397 4926 1454 4982 ritu,
1467 4926 1525 4974 Per.

692 5007 702 5033 ²
713 5003 910 5067 benedictionem]
930 5004 982 5052 Not
994 5004 1019 5052 in
1032 5005 1089 5054 MS.
1104 5027 1110 5064 ;
1128 5008 1209 5056 added
1221 5007 1286 5054 from
1299 5007 1358 5058 Pez.

693 5086 701 5112 ³
713 5084 796 5147 aarum]
818 5083 853 5131 So
864 5082 920 5132 MS.
934 5105 940 5140 ;
959 5091 1048 5140 lactus,
1061 5084 1120 5134 Pez.
