4125 6334
604 1121 646 1187 92
826 1134 907 1185 vrra
930 1138 955 1186 s.
979 1134 1136 1187 uuoours
1159 1129 1430 1186 erueonunusrs.

602 1310 689 1396 quod
721 1308 875 1394 ejusdem,
908 1332 983 1396 quae
1015 1310 1052 1375 in
1089 1309 1147 1375 illo
1179 1311 1393 1376 vehementer
1424 1308 1557 1384 enituit,
1588 1308 1655 1374 sin·

602 1410 776 1478 cerissimur
813 1412 962 1478 caritatis
994 1412 1124 1499 insigne
1162 1413 1396 1478 documentum
1427 1411 1500 1476 suit.
1548 1410 1660 1498 Igitur

602 1534 686 1599 pene
704 1514 784 1599 jarn,
808 1536 867 1601 pro
891 1514 1131 1580 consuetudine
1161 1514 1252 1579 illius
1276 1514 1409 1590 ordinis,
1437 1513 1566 1600 integro
1592 1512 1659 1577 fra·

603 1620 692 1679 trum
724 1637 869 1693 numero,
908 1616 1058 1684 aedificiis
1096 1637 1226 1702 quoque
1259 1614 1466 1703 regularibus
1504 1614 1658 1680 decenter

521 1773 525 1779 .
603 1718 847 1797 consummatis,
870 1718 1074 1785 aedifieandis
1097 1718 1322 1783 indesinenter
1345 1717 1381 1781 in
1403 1721 1518 1782 sancto
1540 1737 1657 1804 propo·

435 1797 563 1915 llulhl⁸t
603 1819 667 1884 site
704 1820 768 1885 sibi
802 1821 1047 1885 commissarum
1082 1819 1198 1885 ovium
1236 1818 1411 1885 animabus
1447 1818 1528 1883 boni
1558 1817 1657 1903 lrujus

434 1881 541 2011 prdalrl
564 1882 580 1916 ⁰
602 1921 744 2007 pastoris
782 1922 980 2009 invigilabat
1018 1921 1161 1987 solertia
1209 1920 1252 1985 In
1294 1922 1388 2008 cujus
1425 1919 1553 2007 negotii
1592 1939 1660 1983 nen

435 1999 561 2129 ζ’ζξιξῖοῗξ
602 2024 762 2090 mediocre
788 2024 1001 2110 adjuterium,
1018 2023 1119 2088 sacris
1141 2022 1309 2088 codicibus
1336 2021 1555 2102 conficiendis,
1572 2043 1658 2087 eom·

435 2132 582 2195 Scriptum.
602 2126 769 2211 parandis,
801 2132 836 2192 et
872 2125 994 2210 quibus
1031 2129 1142 2211 posset
1172 2124 1277 2189 modis
1315 2123 1534 2211 acquirendis,
1567 2123 1657 2189 baud

435 2222 538 2302 HM?
602 2248 735 2315 segnem
759 2248 890 2315 operam
913 2226 1134 2314 impendebat.
1183 2226 1249 2291 His
1276 2225 1364 2291 enim
1388 2247 1449 2313 pro
1471 2226 1597 2292 deliciis
1622 2230 1658 2292 et

435 2298 556 2406 qqqppon
602 2351 662 2414 pro
676 2329 806 2394 divitiis
820 2333 966 2415 tempore
991 2328 1181 2414 tranquillo,
1197 2327 1248 2393 his
1263 2327 1380 2394 bellico
1401 2328 1465 2393 sub
1487 2328 1656 2414 procinctu

435 2424 535 2539 lglffi
601 2451 662 2515 pro
684 2430 760 2495 telis
775 2429 828 2495 vel
851 2431 959 2509 armis,
976 2430 1029 2495 his
1050 2431 1191 2496 infame
1214 2453 1273 2516 pro
1293 2430 1461 2511 alimonia,
1476 2434 1512 2496 et
1534 2431 1570 2495 in
1587 2430 1657 2495 lan·

435 2556 505 2620 lroly
600 2553 702 2618 gnere
724 2553 783 2618 pro
815 2531 953 2612 medela,
985 2532 1146 2620 religiosis
1184 2532 1376 2619 quibusque,
1407 2532 1551 2598 maxime
1576 2554 1657 2599 vere

435 2623 570 2687 Scriptura
600 2634 781 2699 solitariam
803 2634 997 2721 gerentibus
1019 2636 1134 2712 vitam,
1158 2636 1321 2700 utendum
1353 2657 1421 2701 esee
1443 2634 1656 2700 memorabat.

434 2724 563 2805 Theting
647 2736 737 2803 Hinc
769 2736 935 2826 contigit¹
971 2742 1010 2804 ut
1049 2760 1124 2803 cunr
1155 2758 1232 2824 rege
1280 2737 1476 2802 familiarius
1513 2738 1656 2823 quodam
1699 2790 1702 2796 .

432 2794 587 2844 mmm
601 2843 745 2925 tempore
775 2862 885 2927 agens,
908 2840 948 2906 de
979 2841 1119 2927 penuria
1140 2839 1302 2905 librorum
1328 2840 1539 2906 intersereret
1564 2861 1656 2905 merr-

601 2941 735 3007 tionem.
780 2941 812 3006 A
842 2963 909 3027 quo
940 2942 1131 3008 admonitus
1153 2946 1193 3006 ut
1225 2942 1467 3008 conscribendis
1490 2941 1656 3008 insisteret

474 3062 505 3106 22
518 3059 543 3107 b.
601 3065 659 3128 per
680 3042 900 3109 conductitios
922 3042 1096 3129 scriptores
1118 3043 1220 3121 libris,
1243 3043 1451 3109 membranae
1465 3043 1529 3109 sibi
1545 3044 1656 3109 deesse

600 3146 777 3231 respondit.
823 3145 907 3211 Tum
930 3144 1007 3211 ille:
1044 3151 1061 3180 “
1085 3143 1131 3210 Et
1153 3143 1346 3231 quantum,'’
1375 3146 1433 3222 ait,
1466 3154 1483 3179 “
1506 3145 1655 3231 pecuniae

601 3244 703 3313 “tibi
741 3249 793 3313 vis
821 3247 969 3325 conferri,
993 3248 1036 3312 ad
1068 3248 1156 3312 lrune
1188 3247 1408 3334 supplendum
1438 3246 1656 3312 defeetumt''

601 3362 616 3387 ¹‘
641 3348 748 3429 Una,”
762 3350 883 3436 inquit,
908 3357 926 3386 “
949 3372 1059 3416 marca
1081 3350 1211 3438 argenti
1235 3349 1294 3414 diu
1309 3347 1478 3415 sufficiet.”
1522 3349 1597 3414 Rex
1612 3351 1655 3415 ad

600 3453 670 3520 lraee
692 3451 873 3527 subridens,
897 3457 915 3486 “
938 3451 994 3528 0,”
1018 3452 1076 3530 ait,
1110 3459 1128 3488 “
1152 3474 1251 3539 quarn
1283 3450 1500 3516 immoderate
1533 3474 1654 3538 gravas

601 3563 618 3591 ‘³
641 3553 729 3619 nos.'’
774 3554 947 3638 Jussitque
969 3554 1192 3627 incontinenti
1215 3556 1328 3620 decem
1344 3576 1470 3620 marcas
1485 3555 1582 3619 fratri
1596 3554 1655 3640 qui

599 3679 673 3722 curn
697 3678 734 3720 eo
765 3660 836 3719 erat
857 3656 1029 3719 numerari.
1076 3656 1234 3722 Promisit
1265 3658 1365 3722 etiam
1396 3678 1496 3721 unam
1535 3656 1654 3723 biblio·

600 3758 738 3833 thecam,
769 3757 941 3842 utriusque
968 3760 1161 3824 testamenti
1189 3780 1305 3846 cerpus
1330 3760 1460 3845 integre
1484 3758 1654 3825 continen-

600 3867 676 3940 tem,
701 3882 735 3925 se
749 3860 1018 3925 transmissurum
1041 3860 1080 3925 ei.
1126 3861 1241 3926 Rediit
1262 3862 1352 3947 prior
1367 3861 1510 3928 demum.
1557 3861 1654 3927 Rex²

600 3962 751 4049 promissi
785 3962 835 4027 sui
871 3984 936 4028 non
982 3963 1163 4039 immernor,
1202 3964 1344 4049 inquirit
1376 3965 1502 4029 solicite
1536 3964 1654 4030 biblio·

600 4067 728 4132 thecam
760 4066 883 4151 optime
914 4065 1106 4141 confectam,
1130 4087 1227 4152 quam
1260 4066 1291 4130 ei
1314 4066 1459 4132 conferre
1484 4063 1653 4153 potuisset

598 4167 795 4254 Suggeritur
818 4167 951 4231 demum
966 4167 1147 4231 studiosius
1163 4170 1325 4252 quaerenti
1341 4168 1516 4235 monachos
1540 4169 1654 4235 Sancti

599 4269 768 4335 Switlruni
803 4269 965 4355 egregiam
998 4270 1123 4334 recenti
1147 4275 1182 4334 et
1204 4270 1335 4335 decenti
1358 4294 1455 4357 opere
1478 4272 1653 4337 confecisse

598 4371 842 4446 bibliothecam,
868 4372 904 4434 in
926 4393 993 4457 qua
1008 4373 1051 4437 ud
1075 4394 1221 4437 mensam
1238 4373 1407 4439 edentium
1423 4374 1564 4439 fratrum
1587 4374 1653 4461 legi

431 4483 579 4562 Theung’a
599 4473 773 4540 debuisset.
820 4473 893 4552 Quo
923 4473 978 4538 ille
1001 4480 1169 4560 comperto
1192 4475 1313 4562 oppido
1340 4476 1474 4562 gavisus
1504 4481 1575 4556 est;
1601 4500 1652 4542 ac·

430 4551 569 4616 mmmm
598 4575 780 4660 eersitoque
805 4575 1012 4659 quamtocius
1026 4578 1134 4661 priore
1158 4576 1248 4642 illius
1271 4578 1423 4657 ecelesiae,
1451 4578 1513 4643 sub
1535 4580 1652 4645 multae

431 4619 566 4737 pevrrqciqqq-
597 4676 907 4765 recompensationis
952 4677 1192 4763 pollicitatione
1249 4680 1364 4745 donari
1412 4679 1475 4745 sibi
1530 4701 1654 4746 munus

1178 4868 1364 4877 --...—..—...
1385 4870 1492 4877 -—--
1505 4870 1534 4875 --
1548 4870 1569 4876 —.
1585 4871 1598 4876 -

632 4992 761 5060 'centigr‘q
780 4992 812 5044 In
824 4991 862 5053 C,
873 4990 925 5041 Pez
935 4992 1000 5054 ,and
1011 4990 1054 5042 W.
1067 4992 1098 5042 de
1178 4992 1270 5059 ²llct]
1291 4994 1326 5044 So
1345 4993 1376 5044 B.
1390 5011 1397 5053 ς
1415 4992 1473 5044 Rex
1491 4990 1579 5056 igitur,
1601 4990 1630 5044 C.
1644 5008 1652 5052 ς

596 5075 710 5135 werde;
728 5073 811 5124 notin
822 5073 853 5124 B.
1144 5072 1179 5123 Et
1189 5087 1243 5134 rex,
1254 5073 1315 5123 Per.
