4125 6334
808 1162 912 1211 mana
934 1164 981 1225 Ν,
1004 1160 1076 1214 cnr.
1091 1164 1127 1213 n
1423 1155 1486 1219 199

439 1340 537 1404 Mauo
574 1360 649 1403 cum
679 1358 798 1402 manus
831 1337 873 1402 de
903 1359 994 1402 moro
1022 1337 1181 1417 ablueret,
1214 1346 1254 1405 ut
1282 1339 1486 1407 ministerio¹

433 1441 534 1516 nullo,
558 1441 608 1506 ita
628 1440 720 1506 nullo
743 1439 900 1505 utebatur
921 1443 1136 1527 manutergio.

476 1544 618 1609 Missam
643 1544 863 1621 devotissime,
886 1544 1012 1609 duobus
1038 1549 1212 1611 contentus
1240 1545 1412 1625 ministris,
1438 1568 1488 1611 ss-
1503 1562 1612 1614 nowhe

431 1647 531 1712 erista
554 1648 680 1712 scilicet
700 1647 764 1712 loci
786 1652 821 1711 et
843 1669 902 1713 suo
925 1647 1101 1734 capellano,
1124 1647 1272 1734 quotidie
1295 1648 1485 1715 celebrabat.
1500 1630 1641 1756 ffiffil

431 1751 533 1814 Suam
557 1773 695 1836 quoque,
727 1755 885 1836 tanquam
916 1750 1057 1836 simplex
1085 1751 1273 1830 monachus,
1302 1753 1421 1838 agebat
1449 1752 1487 1817 in
1559 1770 1599 1814 eo.

430 1859 596 1919 conventu
618 1854 844 1939 septimanam,
868 1876 987 1939 aquam
1011 1855 1066 1919 die
1091 1854 1256 1920 dominica
1280 1855 1486 1933 benedicens,
1500 1842 1626 1959 Ξὲζξξῗ

433 1958 565 2021 missam
587 1963 621 2023 ct
641 1957 738 2022 horas
755 1956 870 2022 diebus
888 1956 1027 2043 singulis
1050 1979 1140 2022 more
1161 1958 1260 2023 solito
1282 1962 1484 2044 percantans
1501 1977 1604 2037 service,

430 2060 566 2124 Annulo
596 2060 779 2145 pontificali
816 2064 962 2144 excepte,
993 2060 1029 2124 in
1060 2060 1196 2146 reliquis
1210 2149 1214 2156 Δ
1228 2052 1485 2126 sacerdotalibus
1499 2042 1615 2159 fflrffie

429 2164 635 2228 indumentis
672 2186 692 2227 a
728 2163 964 2227 consuetudine
1011 2162 1274 2229 Oartusiensium
1314 2163 1352 2227 in
1393 2163 1485 2228 nullo
1499 2177 1598 2227 monks.

430 2267 564 2351 penitus
595 2266 774 2330 differebat.
836 2264 1014 2330 Utuntur53
1045 2266 1134 2331 enim
1172 2266 1258 2343 alba,
1288 2270 1323 2332 et
1352 2266 1485 2345 amictu,
1500 2277 1555 2327 The
1566 2278 1633 2341 plain

431 2369 524 2445 stola,
561 2368 689 2446 fanone,
723 2374 823 2454 atque
853 2369 997 2454 planeta,
1035 2370 1143 2455 planis
1173 2375 1208 2435 et
1238 2369 1395 2447 candidis,
1426 2390 1486 2435 neo
1499 2347 1638 2462 {fflffl

431 2472 556 2536 ornatis
578 2472 688 2549 scrico,
703 2493 765 2536 nec
779 2471 952 2549 aurifrisio,
967 2493 1025 2537 seu
1040 2472 1185 2558 gemmis.
1232 2471 1358 2537 Diebus
1380 2471 1485 2536 domi·
1500 2478 1528 2526 in
1539 2494 1583 2528 use
1594 2478 1655 2530 with

432 2575 515 2639 nicis
552 2582 626 2661 post
657 2597 794 2652 coenam,
832 2597 906 2639 cum
936 2574 1064 2639 caeteris
1094 2573 1261 2639 monachis
1290 2575 1334 2638 ad
1364 2574 1485 2638 ostium
1499 2544 1621 2662 &siffis

431 2678 593 2742 refectorii
616 2699 689 2742 cum
706 2677 838 2741 silentio
853 2682 887 2742 et
901 2678 1067 2764 gravitate
1081 2676 1297 2763 procedebat;
1317 2676 1377 2741 ubi
1392 2677 1485 2762 panis
1499 2694 1580 2759 Hugh

432 2803 518 2845 unus
547 2780 693 2867 singulis,
721 2781 764 2843 ad
795 2782 898 2845 totius
932 2777 1149 2844 hebdomadae
1179 2778 1358 2856 victuma
1383 2778 1484 2844 fratre
1499 2763 1627 2879 ffieffil

431 2884 570 2948 interius
592 2884 757 2949 existente
779 2883 996 2969 praebebatur.
1042 2882 1137 2969 Saepe
1159 2888 1280 2958 tamen,
1295 2883 1336 2947 de
1350 2882 1485 2947 licentia
1498 2896 1592 2946 locros
1619 2847 1645 2975 'y

431 2987 558 3073 prioris,
580 3009 623 3051 ex
638 2987 778 3074 cophino
801 2987 872 3051 sive
894 3007 936 3050 ex
959 3007 1035 3050 arca
1057 3008 1124 3071 qna
1141 2984 1235 3050 micae
1250 2985 1484 3064 condebantur,
1498 2962 1654 3081 fflffl

430 3115 451 3155 a
482 3090 622 3155 fratrum
654 3091 744 3155 cellis
777 3110 835 3153 seu
872 3111 893 3153 a
930 3088 1102 3153 refectorio
1140 3087 1292 3165 collecte,
1323 3090 1484 3155 crustulas
1499 3113 1575 3164 osten
1588 3130 1643 3178 pre-

431 3194 587 3271 duriores,
615 3200 649 3260 ot
675 3194 835 3258 minutias
860 3192 1122 3279 fragmentorum
1149 3214 1216 3278 prae
1238 3192 1393 3258 ariditate
1412 3193 1483 3278 jam
1497 3180 1608 3297 {ffi'l

431 3297 582 3372 torridas,
604 3297 744 3384 propriis
766 3295 918 3360 manibus
940 3293 1134 3381 colligebat:
1160 3316 1227 3358 non
1250 3295 1337 3380 quod
1358 3318 1435 3360 suus
1453 3297 1484 3360 ei
1498 3314 1558 3363 fare.

431 3401 527 3487 panis
549 3422 616 3464 non
639 3399 801 3464 sufficeret
819 3402 854 3463 et
874 3395 1165 3483 superabundaret,
1189 3396 1247 3461 sed
1268 3396 1338 3463 baec
1353 3397 1484 3464 dicebat

432 3504 596 3589 sapidiora
627 3504 689 3567 sibi
719 3525 818 3587 quam
849 3501 990 3567 solidum
1028 3521 1147 3586 panem
1184 3498 1299 3565 videri.
1357 3500 1486 3566 Revera

432 3607 564 3692 quidem
596 3605 877 3670 benedictionibus
907 3604 1040 3668 condita
1066 3603 1234 3688 justorum
1256 3603 1384 3689 gratius
1406 3626 1485 3669 sanc

431 3709 543 3797 palato
566 3709 636 3795 ejus
660 3709 841 3795 sapiebant.
888 3706 1058 3784 Scutellas,
1082 3728 1148 3771 non
1177 3707 1275 3770 modo
1305 3705 1425 3791 quibus
1455 3707 1614 3789 eiDelighe

1496 3789 1646 3858 inwushing

434 3814 604 3900 pulmenta
628 3812 767 3876 fuissent
791 3810 988 3886 ministrata,
1012 3809 1070 3874 sed
1100 3832 1180 3896 quas
1205 3809 1345 3875 fortuitu
1376 3809 1485 3875 illotas
1497 3856 1652 3911 thescuulcs.

433 3915 555 3980 alicubi
574 3915 755 4000 reperisset,
778 3912 1017 3978 delectabiliter
1031 3912 1199 3998 gaudebat
1221 3912 1328 3978 eluere
1340 3911 1367 3991 3³
1388 3917 1485 3979 tanta

433 4040 488 4084 eas
510 4017 682 4103 diligentia
705 4016 857 4080 manibus
880 4016 1058 4102 digitisque
1080 4014 1288 4079 nitidissimis
1313 4015 1405 4078 intus
1429 4038 1484 4080 ex-

435 4122 600 4205 teriusque
624 4120 785 4185 defricans
800 4125 834 4184 et
856 4116 1004 4205 poliens,⁴
1025 4139 1064 4182 ac
1082 4117 1110 4181 si
1125 4116 1257 4183 calicem
1272 4114 1484 4183 Dominicum

431 4250 466 4291 so
490 4230 690 4289 contrectare
713 4227 854 4309 puta-ret.

479 4329 525 4392 At
540 4327 721 4392 verendum
743 4325 838 4390 nobis
854 4328 913 4399 est,
936 4345 977 4387 uc
1000 4322 1138 4386 minima
1160 4322 1229 4387 hec
1244 4323 1285 4387 de
1300 4323 1373 4388 viro
1388 4329 1483 4390 tanto

379 4418 381 4421 ’
431 4431 559 4496 diutius
573 4429 757 4505 referentes,
772 4425 932 4514 gravioris
943 4447 1113 4491 censuram
1128 4425 1257 4491 lectoris
1272 4427 1482 4493 offendamus.

435 4532 517 4613 Quae
532 4539 643 4597 tamen
666 4530 834 4596 eominus
856 4528 999 4615 prudens
1022 4528 1123 4594 lector
1145 4548 1205 4613 pro
1227 4528 1373 4594 minimis
1387 4552 1483 4618 repu-

470 4812 474 4838 ¹
489 4810 632 4874 crirrislcrio]
654 4812 687 4858 So
708 4810 785 4867 um
809 4808 933 4869 minimo,
1011 4805 1124 4872 ἐῶσα]
1145 4809 1179 4857 So
1191 4808 1268 4867 MS,
1289 4809 1397 4864 abluere,
1409 4809 1468 4859 Pcz.

437 4892 494 4939 l‘czr
1012 4889 1021 4916 ⁴
1029 4886 1138 4953 poliens]
1172 4887 1206 4938 So
1224 4888 1300 4946 MS.;
1325 4887 1480 4951 pollinciens.

466 4967 615 5033 worma]
646 4970 680 5019 So
703 4968 779 5027 MS.;
804 4968 936 5027 Utebutur,
980 4970 1039 5019 l'ez.

434 5049 494 5098 Pez.
