4125 6334
597 1133 662 1196 310
819 1144 901 1192 mm
923 1147 948 1195 s
972 1144 1128 1194 fluoonrs
1151 1142 1422 1193 amcommnsls

597 1317 978 1383 tamonetamorisvitae
989 1317 1480 1404 quondnmauaeprofessoribus
1490 1317 1655 1382 eximium

431 1432 524 1511 Guigo,
599 1419 798 1506 praerogavit
832 1419 999 1498 indicium,
1032 1422 1112 1486 dum
1143 1442 1220 1485 suas
1256 1420 1466 1507 peculiariter
1498 1420 1656 1505 reliquias

430 1499 564 1615 {1:2⁰}ssss
599 1523 673 1587 viro
695 1523 960 1587 reverentissimo
990 1522 1092 1608 priori
1126 1521 1289 1589 Cartusiae
1319 1522 1442 1607 Gigoni
1466 1520 1653 1607 tangendos

430 1639 521 1690 σωκ,
599 1630 634 1690 et
656 1623 892 1689 exosculandas
914 1623 1062 1689 indulsit
1107 1624 1141 1688 A
1163 1646 1228 1709 quo
1242 1625 1330 1709 ipsas
1352 1625 1525 1711 transponi
1540 1623 1652 1701 etism,

431 1698 566 1812 fflffg
599 1749 637 1791 ao
669 1728 706 1790 in
737 1747 866 1803 novam,
897 1747 996 1810 quam
1028 1725 1118 1791 idem
1147 1726 1200 1790 vir
1233 1726 1275 1790 de
1306 1726 1414 1790 taxeis
1444 1730 1652 1812 oompegerat

431 1829 572 1945 inhtgam
599 1828 738 1904 tabellis
767 1827 884 1914 reponi
906 1828 1015 1893 voluit
1036 1850 1177 1915 eapsam,
1207 1833 1242 1893 et
1263 1828 1375 1893 solerti
1405 1828 1583 1894 devotione
1600 1848 1651 1892 ra-

431 1908 446 1944 ο
491 1902 508 1945 ‘⁶
599 1930 704 1996 oondi.
749 1930 858 1995 Theca
878 1951 1021 2015 namque
1044 1936 1150 2007 vetus,
1164 1929 1202 1993 in
1216 1951 1282 2015 qua
1303 1929 1430 1995 diutius
1452 1930 1651 2015 quieverunt

599 2055 672 2098 ossa
692 2033 801 2112 beata,
824 2054 890 2097 non
913 2038 984 2097 tam
1005 2035 1176 2097 vetustate
1206 2053 1304 2117 quam
1334 2031 1435 2119 longa
1462 2038 1553 2098 terra
1584 2054 1650 2097 ma·

598 2137 692 2221 rique
713 2136 898 2221 gestatione
928 2134 1058 2199 dissuto
1086 2134 1195 2199 hietat
1224 2139 1259 2198 et
1288 2140 1515 2219 eonquassata
1559 2133 1652 2198 Auro

599 2244 710 2302 autem
741 2237 794 2300 vel
828 2240 976 2322 argento,
999 2241 1060 2301 sut
1096 2235 1232 2301 metallo
1262 2236 1416 2320 quolibet,
1446 2258 1505 2302 seu
1541 2236 1652 2322 lapide

599 2339 743 2424 pretioso
780 2339 921 2423 contegi,
955 2338 1076 2418 ornari,
1107 2338 1179 2403 sive
1217 2338 1373 2425 colligari,
1408 2339 1527 2404 cistam
1559 2360 1651 2402 suam

600 2461 770 2525 nunquam
794 2439 962 2525 permisit3
984 2462 1046 2505 nee
1068 2441 1182 2505 olavus
1202 2439 1240 2503 in
1262 2462 1301 2505 ea
1323 2440 1364 2505 de
1379 2441 1520 2506 materia
1540 2440 1653 2526 hujus·

601 2543 691 2608 modi
722 2542 835 2629 potuit
864 2542 967 2628 infigi,
999 2547 1040 2607 nt
1061 2543 1116 2607 vel
1147 2541 1190 2605 ad
1216 2548 1420 2608 momentum
1452 2543 1651 2609 inhaereret:

599 2645 682 2711 adeo
704 2643 897 2708 ambitionis
927 2644 964 2707 in
996 2666 1035 2708 eo
1066 2644 1189 2721 odium,
1220 2648 1256 2708 et
1284 2644 1487 2730 paupertatis
1516 2644 1653 2710 inolitus

600 2770 692 2813 amor
713 2747 875 2832 hodieque
897 2750 1094 2832 perseverat.
1178 2809 1186 2824 ,

644 2849 700 2913 Ad
722 2848 822 2933 hujus
851 2848 965 2931 itaque
996 2846 1253 2913 sacratissimam
1282 2869 1376 2912 aram
1407 2847 1509 2935 Hugo
1532 2854 1651 2928 nostor,

601 2951 771 3037 episeopus
794 2949 929 3034 quidem
955 2948 1059 3015 officio
1083 2950 1140 3015 sed
1170 2950 1310 3015 eremite
1331 2952 1509 3037 proposito,
1539 2952 1655 3017 divina

602 3074 701 3136 quam
736 3049 948 3116 devotissime
980 3051 1169 3116 celebravit
1215 3052 1356 3118 Theoam
1382 3075 1468 3130 sone,
1502 3058 1575 3119 tam
1606 3054 1655 3118 in·

604 3152 811 3218 estimabilis
832 3154 980 3218 thesauri
1003 3154 1176 3231 oonsoiam,
1191 3154 1321 3219 eminus
1341 3155 1431 3220 trabi
1450 3156 1653 3242 suppositam

604 3256 758 3336 vidimus,
797 3278 857 3321 neo
893 3277 994 3343 prope
1023 3256 1129 3321 altaro
1164 3257 1415 3343 prominentem,
1446 3258 1503 3323 sed
1535 3258 1654 3344 parieti

472 3384 518 3429 105
531 3380 555 3430 b.
604 3360 837 3437 adhaerentem,
871 3363 907 3423 et
945 3363 1066 3444 praeter
1102 3379 1226 3423 morem
1257 3380 1423 3424 sacrorum
1461 3359 1654 3426 scriniorum

605 3462 699 3546 quasi
722 3460 893 3546 cujusdam
915 3459 1024 3525 abditi
1054 3460 1197 3525 latibula
1219 3459 1394 3526 foventem.

975 3783 1182 3847 Oarrrmmu
1206 3784 1296 3847 XIV,

611 3973 663 4038 De
686 3970 836 4038 adveatu
859 3969 964 4036 itlius
980 3977 1081 4056 atque
1104 3978 1239 4057 recepto
1253 3970 1352 4056 opud
1372 3969 1656 4057 Grotiooopolim

698 4072 906 4152 Uenusiam,
938 4073 1117 4149 Balesium,
1148 4079 1248 4158 atquo
1274 4072 1462 4152 Aloem‘om,
1494 4080 1524 4138 et
1561 4074 1656 4159 optut

697 4176 772 4241 olio
806 4175 898 4240 inter
931 4172 998 4239 boeo
1030 4174 1108 4240 loeo.
1169 4175 1214 4239 Et
1260 4174 1457 4240 incidentia
1496 4174 1656 4261 plurimo

696 4277 918 4363 oinpulmm
941 4276 1097 4342 loomom

439 4473 563 4524 Thebon·
656 4445 787 4510 Debitis
824 4467 901 4532 ergo
931 4445 1020 4510 votis
1051 4449 1191 4531 patrono
1226 4449 1320 4509 tanto
1357 4444 1484 4521 solutis,
1517 4465 1592 4508 cum
1624 4449 1658 4509 et

439 4540 588 4657 {3022}
610 4547 850 4614 xenodochium
888 4547 990 4633 ipsius
1021 4547 1084 4613 loci
1115 4547 1290 4627 visitasset,
1314 4551 1349 4611 ot
1382 4547 1419 4611 in
1451 4546 1571 4611 solatia
1592 4547 1659 4612 vio·

528 4623 574 4671 y.
611 4650 754 4716 tualium
800 4649 972 4735 pecuniam
1018 4648 1210 4714 custodibus
1265 4649 1378 4735 largiri
1431 4649 1660 4735 praecepisset3

610 4754 745 4841 grandis
783 4752 904 4838 quippe
934 4751 1093 4815 debilium
1124 4751 1314 4829 multitudo,
1344 4773 1425 4837 quos
1456 4757 1534 4814 ante
1567 4772 1659 4815 cura·

610 4858 734 4920 tionem
765 4854 899 4917 morbus
922 4852 1024 4916 variis
1056 4853 1210 4917 membris
1245 4854 1400 4940 privavit,
1431 4852 1555 4917 ibidem
1587 4874 1662 4917 con-

445 4976 578 5028 Grenoble.
609 4959 700 5023 sistit
712 4984 722 5038 ;
745 4955 1007 5041 Gratianopolim
1031 4956 1193 5041 proficisci
1220 4956 1374 5021 instituit.
1420 4954 1504 5019 Inde
1519 4976 1663 5042 namquo

611 5061 654 5123 ad
677 5059 871 5136 (larbusiam,
895 5058 1081 5144 perardua
1114 5060 1278 5125 montium
1308 5064 1343 5124 et
1377 5080 1491 5145 aspero
1519 5058 1665 5144 rupium,
