<?xml version="1.0" encoding="UTF-8"?>
<!DOCTYPE html PUBLIC "-//W3C//DTD XHTML 1.0 Transitional//EN"
    "http://www.w3.org/TR/xhtml1/DTD/xhtml1-transitional.dtd">
<html xmlns="http://www.w3.org/1999/xhtml" xml:lang="en" lang="en">
 <head>
  <title>
</title>
<meta http-equiv="Content-Type" content="text/html;charset=utf-8" />
  <meta name='ocr-system' content='tesseract 3.04.00' />
  <meta name='ocr-capabilities' content='ocr_page ocr_carea ocr_par ocr_line ocrx_word'/>
</head>
<body>
  <div class='ocr_page' id='page_1' title='image "./magnavitashugon00dimogoog_0085.png"; bbox 0 0 4125 6334; ppageno 0'>
   <div class='ocr_carea' id='block_1_1' title="bbox 882 1150 1503 1211">
    <p class='ocr_par' dir='ltr' id='par_1_1' title="bbox 882 1150 1503 1211">
     <span class='ocr_line' id='line_1_1' title="bbox 882 1150 1503 1211; baseline -0.006 -9"><span class='ocrx_word' id='word_1_1' title='bbox 882 1154 1068 1203; x_wconf 76' lang='lat' dir='ltr'>caenosus.</span> <span class='ocrx_word' id='word_1_2' title='bbox 1483 1150 1503 1211; x_wconf 85' lang='lat'><strong>3</strong></span> 
     </span>
    </p>
   </div>
   <div class='ocr_carea' id='block_1_2' title="bbox 444 1327 1672 3059">
    <p class='ocr_par' dir='ltr' id='par_1_2' title="bbox 444 1327 1503 1620">
     <span class='ocr_line' id='line_1_2' title="bbox 444 1327 1502 1415; baseline 0.002 -22"><span class='ocrx_word' id='word_1_3' title='bbox 444 1327 598 1414; x_wconf 86' lang='lat' dir='ltr'>praebete,</span> <span class='ocrx_word' id='word_1_4' title='bbox 614 1332 781 1414; x_wconf 72' lang='lat' dir='ltr'>tanquam</span> <span class='ocrx_word' id='word_1_5' title='bbox 804 1329 974 1415; x_wconf 89' lang='lat' dir='ltr'>proprium</span> <span class='ocrx_word' id='word_1_6' title='bbox 998 1333 1145 1393; x_wconf 84' lang='lat' dir='ltr'>vestrum</span> <span class='ocrx_word' id='word_1_7' title='bbox 1173 1330 1410 1397; x_wconf 85' lang='lat' dir='ltr'>sententientes</span> <span class='ocrx_word' id='word_1_8' title='bbox 1433 1352 1502 1396; x_wconf 86' lang='lat' dir='ltr'>esse</span> 
     </span>
     <span class='ocr_line' id='line_1_3' title="bbox 446 1430 1503 1518; baseline 0.004 -22"><span class='ocrx_word' id='word_1_9' title='bbox 446 1430 609 1517; x_wconf 90' lang='lat' dir='ltr'>quidquid</span> <span class='ocrx_word' id='word_1_10' title='bbox 631 1432 667 1496; x_wconf 92' lang='lat' dir='ltr'>in</span> <span class='ocrx_word' id='word_1_11' title='bbox 690 1431 742 1496; x_wconf 91' lang='lat' dir='ltr'>his</span> <span class='ocrx_word' id='word_1_12' title='bbox 766 1430 840 1518; x_wconf 82' lang='lat' dir='ltr'>plus</span> <span class='ocrx_word' id='word_1_13' title='bbox 862 1432 1013 1497; x_wconf 84' lang='lat' dir='ltr'>minusve</span> <span class='ocrx_word' id='word_1_14' title='bbox 1047 1433 1157 1498; x_wconf 89' lang='lat' dir='ltr'>studio</span> <span class='ocrx_word' id='word_1_15' title='bbox 1181 1434 1311 1498; x_wconf 86' lang='lat' dir='ltr'>lectoris</span> <span class='ocrx_word' id='word_1_16' title='bbox 1334 1433 1503 1500; x_wconf 84' lang='lat' dir='ltr'>videbitur</span> 
     </span>
     <span class='ocr_line' id='line_1_4' title="bbox 446 1533 606 1620; baseline 0 -22"><span class='ocrx_word' id='word_1_17' title='bbox 446 1533 606 1620; x_wconf 84' lang='lat' dir='ltr'>prodesse.</span> 
     </span>
    </p>

    <p class='ocr_par' dir='ltr' id='par_1_3' title="bbox 445 1635 1672 3059">
     <span class='ocr_line' id='line_1_5' title="bbox 494 1635 1672 1721; baseline 0.014 -22"><span class='ocrx_word' id='word_1_18' title='bbox 494 1635 598 1701; x_wconf 89' lang='lat' dir='ltr'>Nosse</span> <span class='ocrx_word' id='word_1_19' title='bbox 621 1657 751 1721; x_wconf 90' lang='lat' dir='ltr'>quoque</span> <span class='ocrx_word' id='word_1_20' title='bbox 773 1638 937 1716; x_wconf 89' lang='lat' dir='ltr'>lectorem,</span> <span class='ocrx_word' id='word_1_21' title='bbox 954 1637 1041 1701; x_wconf 89' lang='lat' dir='ltr'>sicut</span> <span class='ocrx_word' id='word_1_22' title='bbox 1057 1645 1091 1702; x_wconf 88' lang='lat' dir='ltr'>et</span> <span class='ocrx_word' id='word_1_23' title='bbox 1108 1660 1167 1703; x_wconf 88' lang='lat' dir='ltr'>vos</span> <span class='ocrx_word' id='word_1_24' title='bbox 1190 1637 1379 1704; x_wconf 83' lang='lat' dir='ltr'>meminisse</span> <span class='ocrx_word' id='word_1_25' title='bbox 1396 1640 1502 1716; x_wconf 87' lang='lat' dir='ltr'>debet,</span> <span class='ocrx_word' id='word_1_26' title='bbox 1517 1661 1573 1711; x_wconf 85' lang='lat' dir='ltr'>The</span> <span class='ocrx_word' id='word_1_27' title='bbox 1581 1663 1672 1715; x_wconf 79' lang='lat' dir='ltr'>author</span> 
     </span>
     <span class='ocr_line' id='line_1_6' title="bbox 447 1729 1640 1847; baseline 0.003 -44"><span class='ocrx_word' id='word_1_28' title='bbox 447 1739 528 1825; x_wconf 88' lang='lat' dir='ltr'>quia</span> <span class='ocrx_word' id='word_1_29' title='bbox 549 1760 617 1803; x_wconf 92' lang='lat' dir='ltr'>non</span> <span class='ocrx_word' id='word_1_30' title='bbox 640 1739 787 1804; x_wconf 86' lang='lat' dir='ltr'>seriatim</span> <span class='ocrx_word' id='word_1_31' title='bbox 810 1746 845 1804; x_wconf 88' lang='lat' dir='ltr'>et</span> <span class='ocrx_word' id='word_1_32' title='bbox 869 1740 996 1825; x_wconf 77' lang='lat' dir='ltr'><strong>integre</strong></span> <span class='ocrx_word' id='word_1_33' title='bbox 1019 1741 1125 1804; x_wconf 85' lang='lat' dir='ltr'>vitam</span> <span class='ocrx_word' id='word_1_34' title='bbox 1149 1741 1288 1806; x_wconf 86' lang='lat' dir='ltr'>scribere</span> <span class='ocrx_word' id='word_1_35' title='bbox 1312 1743 1377 1806; x_wconf 85' lang='lat' dir='ltr'>viri</span> <span class='ocrx_word' id='word_1_36' title='bbox 1404 1729 1640 1847; x_wconf 46' lang='grc' dir='ltr'>11111111ῗιζζθξῐζῖί</span> 
     </span>
     <span class='ocr_line' id='line_1_7' title="bbox 446 1813 1656 1932; baseline 0.006 -25"><span class='ocrx_word' id='word_1_37' title='bbox 446 1842 547 1918; x_wconf 82' lang='lat' dir='ltr'>beati,</span> <span class='ocrx_word' id='word_1_38' title='bbox 581 1841 765 1907; x_wconf 82' lang='lat' dir='ltr'>fundatoris</span> <span class='ocrx_word' id='word_1_39' title='bbox 800 1849 834 1906; x_wconf 88' lang='lat' dir='ltr'>et</span> <span class='ocrx_word' id='word_1_40' title='bbox 868 1843 1071 1907; x_wconf 85' lang='lat' dir='ltr'>institutoris</span> <span class='ocrx_word' id='word_1_41' title='bbox 1106 1843 1217 1921; x_wconf 85' lang='lat' dir='ltr'>vestri,</span> <span class='ocrx_word' id='word_1_42' title='bbox 1256 1844 1502 1932; x_wconf 89' lang='lat' dir='ltr'>communisque</span> <span class='ocrx_word' id='word_1_43' title='bbox 1516 1813 1656 1914; x_wconf 53' lang='lat' dir='ltr'>awriten?</span> 
     </span>
     <span class='ocr_line' id='line_1_8' title="bbox 446 1928 1625 2033; baseline 0.003 -24"><span class='ocrx_word' id='word_1_44' title='bbox 446 1944 579 2031; x_wconf 86' lang='lat' dir='ltr'>patroni</span> <span class='ocrx_word' id='word_1_45' title='bbox 611 1946 737 2031; x_wconf 80' lang='lat' dir='ltr'>suscepi</span> <span class='ocrx_word' id='word_1_46' title='bbox 776 1946 903 2025; x_wconf 85' lang='lat' dir='ltr'>nostri3</span> <span class='ocrx_word' id='word_1_47' title='bbox 943 1967 1016 2009; x_wconf 82' lang='lat' dir='ltr'>cunr</span> <span class='ocrx_word' id='word_1_48' title='bbox 1058 1945 1187 2011; x_wconf 89' lang='lat' dir='ltr'>muneri</span> <span class='ocrx_word' id='word_1_49' title='bbox 1220 1952 1314 2011; x_wconf 86' lang='lat' dir='ltr'>tanto</span> <span class='ocrx_word' id='word_1_50' title='bbox 1344 1947 1504 2033; x_wconf 87' lang='lat' dir='ltr'>imparem</span> <span class='ocrx_word' id='word_1_51' title='bbox 1517 1928 1563 1977; x_wconf 81' lang='lat' dir='ltr'>full</span> <span class='ocrx_word' id='word_1_52' title='bbox 1575 1929 1625 1980; x_wconf 54' lang='grc' dir='ltr'>ΜΘ·</span> 
     </span>
     <span class='ocr_line' id='line_1_9' title="bbox 446 2046 1501 2135; baseline 0.003 -23"><span class='ocrx_word' id='word_1_53' title='bbox 446 2068 502 2113; x_wconf 90' lang='lat' dir='ltr'>me</span> <span class='ocrx_word' id='word_1_54' title='bbox 524 2052 558 2112; x_wconf 88' lang='lat' dir='ltr'>et</span> <span class='ocrx_word' id='word_1_55' title='bbox 580 2048 713 2134; x_wconf 87' lang='lat' dir='ltr'>penitus</span> <span class='ocrx_word' id='word_1_56' title='bbox 735 2046 987 2113; x_wconf 89' lang='lat' dir='ltr'>insufficientem</span> <span class='ocrx_word' id='word_1_57' title='bbox 1010 2048 1123 2113; x_wconf 89' lang='lat' dir='ltr'>nullus</span> <span class='ocrx_word' id='word_1_58' title='bbox 1150 2049 1361 2135; x_wconf 82' lang='lat' dir='ltr'>ambigueret.</span> <span class='ocrx_word' id='word_1_59' title='bbox 1419 2048 1501 2115; x_wconf 83' lang='lat' dir='ltr'>Jure</span> 
     </span>
     <span class='ocr_line' id='line_1_10' title="bbox 446 2150 1502 2236; baseline 0.001 -20"><span class='ocrx_word' id='word_1_60' title='bbox 446 2171 528 2216; x_wconf 86' lang='lat' dir='ltr'>vero</span> <span class='ocrx_word' id='word_1_61' title='bbox 551 2150 757 2228; x_wconf 89' lang='lat' dir='ltr'>credendum,</span> <span class='ocrx_word' id='word_1_62' title='bbox 781 2173 849 2215; x_wconf 91' lang='lat' dir='ltr'>non</span> <span class='ocrx_word' id='word_1_63' title='bbox 879 2150 976 2215; x_wconf 90' lang='lat' dir='ltr'>modo</span> <span class='ocrx_word' id='word_1_64' title='bbox 999 2150 1041 2214; x_wconf 93' lang='lat' dir='ltr'>ab</span> <span class='ocrx_word' id='word_1_65' title='bbox 1068 2152 1178 2236; x_wconf 87' lang='lat' dir='ltr'>aliquo</span> <span class='ocrx_word' id='word_1_66' title='bbox 1204 2173 1271 2215; x_wconf 91' lang='lat' dir='ltr'>nno</span> <span class='ocrx_word' id='word_1_67' title='bbox 1294 2173 1427 2216; x_wconf 80' lang='lat' dir='ltr'>suorum</span> <span class='ocrx_word' id='word_1_68' title='bbox 1450 2159 1502 2218; x_wconf 89' lang='lat' dir='ltr'>tot</span> 
     </span>
     <span class='ocr_line' id='line_1_11' title="bbox 446 2253 1501 2340; baseline 0.001 -21"><span class='ocrx_word' id='word_1_69' title='bbox 446 2253 712 2319; x_wconf 72' lang='lat' dir='ltr'>doctissimorum</span> <span class='ocrx_word' id='word_1_70' title='bbox 736 2254 888 2332; x_wconf 88' lang='lat' dir='ltr'>filiorum,</span> <span class='ocrx_word' id='word_1_71' title='bbox 912 2255 1013 2318; x_wconf 91' lang='lat' dir='ltr'>immo</span> <span class='ocrx_word' id='word_1_72' title='bbox 1037 2258 1071 2319; x_wconf 90' lang='lat' dir='ltr'>ct</span> <span class='ocrx_word' id='word_1_73' title='bbox 1103 2277 1122 2319; x_wconf 89' lang='lat' dir='ltr'>a</span> <span class='ocrx_word' id='word_1_74' title='bbox 1154 2254 1312 2340; x_wconf 87' lang='lat' dir='ltr'>pluribus,</span> <span class='ocrx_word' id='word_1_75' title='bbox 1346 2254 1406 2320; x_wconf 94' lang='lat' dir='ltr'>hoc</span> <span class='ocrx_word' id='word_1_76' title='bbox 1431 2255 1501 2340; x_wconf 89' lang='lat' dir='ltr'>jam</span> 
     </span>
     <span class='ocr_line' id='line_1_12' title="bbox 445 2355 1501 2444; baseline 0.002 -23"><span class='ocrx_word' id='word_1_77' title='bbox 445 2355 633 2421; x_wconf 79' lang='lat' dir='ltr'>sublimiter</span> <span class='ocrx_word' id='word_1_78' title='bbox 655 2361 867 2436; x_wconf 86' lang='lat' dir='ltr'>attentatum,</span> <span class='ocrx_word' id='word_1_79' title='bbox 891 2356 1101 2442; x_wconf 73' lang='lat' dir='ltr'>feliciterque,</span> <span class='ocrx_word' id='word_1_80' title='bbox 1124 2364 1224 2442; x_wconf 87' lang='lat' dir='ltr'>prout</span> <span class='ocrx_word' id='word_1_81' title='bbox 1246 2357 1372 2422; x_wconf 88' lang='lat' dir='ltr'>bomini</span> <span class='ocrx_word' id='word_1_82' title='bbox 1398 2358 1501 2444; x_wconf 92' lang='lat' dir='ltr'>possi-</span> 
     </span>
     <span class='ocr_line' id='line_1_13' title="bbox 447 2458 1502 2546; baseline 0.001 -22"><span class='ocrx_word' id='word_1_83' title='bbox 447 2459 515 2524; x_wconf 91' lang='lat' dir='ltr'>bile</span> <span class='ocrx_word' id='word_1_84' title='bbox 548 2458 621 2534; x_wconf 87' lang='lat' dir='ltr'>fuit,</span> <span class='ocrx_word' id='word_1_85' title='bbox 655 2459 731 2523; x_wconf 90' lang='lat' dir='ltr'>licet</span> <span class='ocrx_word' id='word_1_86' title='bbox 755 2458 801 2523; x_wconf 55' lang='lat' dir='ltr'>‘id</span> <span class='ocrx_word' id='word_1_87' title='bbox 836 2458 956 2523; x_wconf 88' lang='lat' dir='ltr'>certius</span> <span class='ocrx_word' id='word_1_88' title='bbox 988 2481 1056 2523; x_wconf 91' lang='lat' dir='ltr'>uon</span> <span class='ocrx_word' id='word_1_89' title='bbox 1086 2459 1310 2546; x_wconf 81' lang='lat' dir='ltr'>approbemus,</span> <span class='ocrx_word' id='word_1_90' title='bbox 1334 2481 1404 2525; x_wconf 90' lang='lat' dir='ltr'>esse</span> <span class='ocrx_word' id='word_1_91' title='bbox 1426 2483 1502 2525; x_wconf 90' lang='lat' dir='ltr'>con·</span> 
     </span>
     <span class='ocr_line' id='line_1_14' title="bbox 447 2561 1500 2649; baseline 0.002 -22"><span class='ocrx_word' id='word_1_92' title='bbox 447 2567 656 2628; x_wconf 85' lang='lat' dir='ltr'>summatum.</span> <span class='ocrx_word' id='word_1_93' title='bbox 703 2561 787 2642; x_wconf 76' lang='lat' dir='ltr'>Quis</span> <span class='ocrx_word' id='word_1_94' title='bbox 810 2561 907 2638; x_wconf 90' lang='lat' dir='ltr'>cnim,</span> <span class='ocrx_word' id='word_1_95' title='bbox 930 2569 969 2626; x_wconf 89' lang='lat' dir='ltr'>ut</span> <span class='ocrx_word' id='word_1_96' title='bbox 992 2561 1131 2648; x_wconf 86' lang='lat' dir='ltr'>dignum</span> <span class='ocrx_word' id='word_1_97' title='bbox 1155 2570 1234 2638; x_wconf 86' lang='lat' dir='ltr'>erat,</span> <span class='ocrx_word' id='word_1_98' title='bbox 1257 2564 1412 2628; x_wconf 87' lang='lat' dir='ltr'>universa</span> <span class='ocrx_word' id='word_1_99' title='bbox 1427 2585 1500 2649; x_wconf 83' lang='lat' dir='ltr'>quae</span> 
     </span>
     <span class='ocr_line' id='line_1_15' title="bbox 446 2664 1502 2743; baseline 0.002 -14"><span class='ocrx_word' id='word_1_100' title='bbox 446 2664 491 2729; x_wconf 86' lang='lat' dir='ltr'>de</span> <span class='ocrx_word' id='word_1_101' title='bbox 522 2669 618 2731; x_wconf 83' lang='lat' dir='ltr'>tauto</span> <span class='ocrx_word' id='word_1_102' title='bbox 651 2665 724 2729; x_wconf 88' lang='lat' dir='ltr'>viro</span> <span class='ocrx_word' id='word_1_103' title='bbox 756 2664 932 2729; x_wconf 84' lang='lat' dir='ltr'>salubriter</span> <span class='ocrx_word' id='word_1_104' title='bbox 964 2664 1228 2743; x_wconf 85' lang='lat' dir='ltr'>innotescerent,¹</span> <span class='ocrx_word' id='word_1_105' title='bbox 1253 2665 1423 2730; x_wconf 87' lang='lat' dir='ltr'>scribendo</span> <span class='ocrx_word' id='word_1_106' title='bbox 1446 2688 1502 2731; x_wconf 83' lang='lat' dir='ltr'>ex·</span> 
     </span>
     <span class='ocr_line' id='line_1_16' title="bbox 447 2766 1501 2854; baseline 0.002 -22"><span class='ocrx_word' id='word_1_107' title='bbox 447 2766 608 2854; x_wconf 72' lang='lat' dir='ltr'>plicaret?</span> <span class='ocrx_word' id='word_1_108' title='bbox 665 2766 747 2847; x_wconf 83' lang='lat' dir='ltr'>Quis</span> <span class='ocrx_word' id='word_1_109' title='bbox 781 2767 890 2844; x_wconf 84' lang='lat' dir='ltr'>etiam,</span> <span class='ocrx_word' id='word_1_110' title='bbox 925 2772 964 2830; x_wconf 88' lang='lat' dir='ltr'>ut</span> <span class='ocrx_word' id='word_1_111' title='bbox 999 2774 1134 2853; x_wconf 82' lang='lat' dir='ltr'>experta</span> <span class='ocrx_word' id='word_1_112' title='bbox 1173 2767 1295 2852; x_wconf 86' lang='lat' dir='ltr'>loquar,</span> <span class='ocrx_word' id='word_1_113' title='bbox 1327 2789 1394 2831; x_wconf 90' lang='lat' dir='ltr'>non</span> <span class='ocrx_word' id='word_1_114' title='bbox 1429 2767 1501 2835; x_wconf 88' lang='lat' dir='ltr'>dico</span> 
     </span>
     <span class='ocr_line' id='line_1_17' title="bbox 447 2868 1502 2956; baseline 0.001 -22"><span class='ocrx_word' id='word_1_115' title='bbox 447 2869 603 2935; x_wconf 85' lang='lat' dir='ltr'>scriberet</span> <span class='ocrx_word' id='word_1_116' title='bbox 626 2877 684 2934; x_wconf 88' lang='lat' dir='ltr'>aut</span> <span class='ocrx_word' id='word_1_117' title='bbox 706 2869 849 2946; x_wconf 82' lang='lat' dir='ltr'>resonet,</span> <span class='ocrx_word' id='word_1_118' title='bbox 874 2869 930 2934; x_wconf 89' lang='lat' dir='ltr'>sed</span> <span class='ocrx_word' id='word_1_119' title='bbox 947 2868 1087 2955; x_wconf 88' lang='lat' dir='ltr'>Hugoni</span> <span class='ocrx_word' id='word_1_120' title='bbox 1109 2869 1188 2933; x_wconf 90' lang='lat' dir='ltr'>dnm</span> <span class='ocrx_word' id='word_1_121' title='bbox 1211 2868 1248 2932; x_wconf 91' lang='lat' dir='ltr'>in</span> <span class='ocrx_word' id='word_1_122' title='bbox 1271 2870 1367 2933; x_wconf 88' lang='lat' dir='ltr'>terris</span> <span class='ocrx_word' id='word_1_123' title='bbox 1390 2875 1502 2956; x_wconf 84' lang='lat' dir='ltr'>egeret</span> 
     </span>
     <span class='ocr_line' id='line_1_18' title="bbox 446 2970 1500 3059; baseline 0 -22"><span class='ocrx_word' id='word_1_124' title='bbox 446 2972 627 3052; x_wconf 79' lang='lat' dir='ltr'>adhaerens,</span> <span class='ocrx_word' id='word_1_125' title='bbox 644 2972 821 3059; x_wconf 87' lang='lat' dir='ltr'>Hugonem</span> <span class='ocrx_word' id='word_1_126' title='bbox 837 2970 955 3036; x_wconf 86' lang='lat' dir='ltr'>videns</span> <span class='ocrx_word' id='word_1_127' title='bbox 978 2979 1011 3036; x_wconf 90' lang='lat' dir='ltr'>et</span> <span class='ocrx_word' id='word_1_128' title='bbox 1035 2973 1180 3048; x_wconf 86' lang='lat' dir='ltr'>audiens,</span> <span class='ocrx_word' id='word_1_129' title='bbox 1198 2971 1351 3059; x_wconf 86' lang='lat' dir='ltr'>Hugonis</span> <span class='ocrx_word' id='word_1_130' title='bbox 1375 2972 1500 3037; x_wconf 87' lang='lat' dir='ltr'>occulta</span> 
     </span>
    </p>
   </div>
   <div class='ocr_carea' id='block_1_3' title="bbox 447 3078 1499 3166">
    <p class='ocr_par' dir='ltr' id='par_1_4' title="bbox 447 3078 1499 3166">
     <span class='ocr_line' id='line_1_19' title="bbox 447 3078 1499 3166; baseline 0.001 -22"><span class='ocrx_word' id='word_1_131' title='bbox 447 3085 484 3144; x_wconf 87' lang='lat' dir='ltr'>et</span> <span class='ocrx_word' id='word_1_132' title='bbox 506 3079 681 3144; x_wconf 86' lang='lat' dir='ltr'>manifesta</span> <span class='ocrx_word' id='word_1_133' title='bbox 703 3084 866 3164; x_wconf 90' lang='lat' dir='ltr'>quantum</span> <span class='ocrx_word' id='word_1_134' title='bbox 898 3078 1024 3143; x_wconf 90' lang='lat' dir='ltr'>homini</span> <span class='ocrx_word' id='word_1_135' title='bbox 1048 3079 1097 3143; x_wconf 87' lang='lat' dir='ltr'>fas</span> <span class='ocrx_word' id='word_1_136' title='bbox 1120 3085 1191 3144; x_wconf 86' lang='lat' dir='ltr'>erat</span> <span class='ocrx_word' id='word_1_137' title='bbox 1215 3100 1400 3165; x_wconf 83' lang='lat' dir='ltr'>agnoscens,</span> <span class='ocrx_word' id='word_1_138' title='bbox 1425 3102 1499 3166; x_wconf 79' lang='lat' dir='ltr'>quae</span> 
     </span>
    </p>
   </div>
   <div class='ocr_carea' id='block_1_4' title="bbox 444 3180 1646 3883">
    <p class='ocr_par' dir='ltr' id='par_1_5' title="bbox 444 3180 1501 3785">
     <span class='ocr_line' id='line_1_20' title="bbox 446 3180 1500 3269; baseline 0 -22"><span class='ocrx_word' id='word_1_139' title='bbox 446 3184 484 3247; x_wconf 90' lang='lat' dir='ltr'>in</span> <span class='ocrx_word' id='word_1_140' title='bbox 509 3180 651 3267; x_wconf 88' lang='lat' dir='ltr'>Hugone</span> <span class='ocrx_word' id='word_1_141' title='bbox 673 3182 825 3245; x_wconf 85' lang='lat' dir='ltr'>mirando</span> <span class='ocrx_word' id='word_1_142' title='bbox 847 3180 969 3246; x_wconf 87' lang='lat' dir='ltr'>fuerint</span> <span class='ocrx_word' id='word_1_143' title='bbox 992 3186 1026 3245; x_wconf 89' lang='lat' dir='ltr'>ct</span> <span class='ocrx_word' id='word_1_144' title='bbox 1050 3182 1211 3246; x_wconf 84' lang='lat' dir='ltr'>imitanda</span> <span class='ocrx_word' id='word_1_145' title='bbox 1234 3182 1333 3267; x_wconf 84' lang='lat' dir='ltr'>digne</span> <span class='ocrx_word' id='word_1_146' title='bbox 1357 3204 1500 3269; x_wconf 91' lang='lat' dir='ltr'>compre-</span> 
     </span>
     <span class='ocr_line' id='line_1_21' title="bbox 446 3282 1500 3369; baseline -0.001 -20"><span class='ocrx_word' id='word_1_147' title='bbox 446 3285 629 3350; x_wconf 69' lang='lat' dir='ltr'>henderet?</span> <span class='ocrx_word' id='word_1_148' title='bbox 674 3283 766 3363; x_wconf 78' lang='lat' dir='ltr'>Quis,</span> <span class='ocrx_word' id='word_1_149' title='bbox 790 3289 829 3347; x_wconf 90' lang='lat' dir='ltr'>ut</span> <span class='ocrx_word' id='word_1_150' title='bbox 851 3282 962 3369; x_wconf 81' lang='lat' dir='ltr'>paucis</span> <span class='ocrx_word' id='word_1_151' title='bbox 991 3291 1076 3362; x_wconf 89' lang='lat' dir='ltr'>utar,</span> <span class='ocrx_word' id='word_1_152' title='bbox 1101 3284 1180 3347; x_wconf 74' lang='lat' dir='ltr'>vitre</span> <span class='ocrx_word' id='word_1_153' title='bbox 1203 3282 1292 3346; x_wconf 87' lang='lat' dir='ltr'>illius</span> <span class='ocrx_word' id='word_1_154' title='bbox 1315 3291 1349 3347; x_wconf 90' lang='lat' dir='ltr'>et</span> <span class='ocrx_word' id='word_1_155' title='bbox 1371 3306 1500 3349; x_wconf 90' lang='lat' dir='ltr'>morum</span> 
     </span>
     <span class='ocr_line' id='line_1_22' title="bbox 446 3385 1501 3463; baseline -0.002 -11"><span class='ocrx_word' id='word_1_156' title='bbox 446 3388 678 3463; x_wconf 81' lang='lat' dir='ltr'>sinceritatem,</span> <span class='ocrx_word' id='word_1_157' title='bbox 702 3407 758 3450; x_wconf 88' lang='lat' dir='ltr'>seu</span> <span class='ocrx_word' id='word_1_158' title='bbox 781 3385 990 3462; x_wconf 88' lang='lat' dir='ltr'>suavitatem,</span> <span class='ocrx_word' id='word_1_159' title='bbox 1018 3406 1077 3449; x_wconf 88' lang='lat' dir='ltr'>sen</span> <span class='ocrx_word' id='word_1_160' title='bbox 1110 3386 1327 3461; x_wconf 71' lang='lat' dir='ltr'>sanctitatem,</span> <span class='ocrx_word' id='word_1_161' title='bbox 1353 3407 1411 3449; x_wconf 90' lang='lat' dir='ltr'>seu</span> <span class='ocrx_word' id='word_1_162' title='bbox 1433 3387 1501 3450; x_wconf 89' lang='lat' dir='ltr'>sin·</span> 
     </span>
     <span class='ocr_line' id='line_1_23' title="bbox 444 3487 1501 3577; baseline -0.002 -23"><span class='ocrx_word' id='word_1_163' title='bbox 444 3490 595 3577; x_wconf 87' lang='lat' dir='ltr'>gularem</span> <span class='ocrx_word' id='word_1_164' title='bbox 618 3491 653 3553; x_wconf 91' lang='lat' dir='ltr'>in</span> <span class='ocrx_word' id='word_1_165' title='bbox 677 3493 730 3553; x_wconf 89' lang='lat' dir='ltr'>tot</span> <span class='ocrx_word' id='word_1_166' title='bbox 752 3489 869 3575; x_wconf 77' lang='lat' dir='ltr'>gratim</span> <span class='ocrx_word' id='word_1_167' title='bbox 899 3488 1126 3575; x_wconf 85' lang='lat' dir='ltr'>spiritualibus</span> <span class='ocrx_word' id='word_1_168' title='bbox 1149 3487 1399 3552; x_wconf 80' lang='lat' dir='ltr'>charismatibus</span> <span class='ocrx_word' id='word_1_169' title='bbox 1422 3489 1501 3552; x_wconf 90' lang='lat' dir='ltr'>emi-</span> 
     </span>
     <span class='ocr_line' id='line_1_24' title="bbox 444 3590 1500 3678; baseline 0.001 -20"><span class='ocrx_word' id='word_1_170' title='bbox 444 3593 596 3659; x_wconf 88' lang='lat' dir='ltr'>nentiam</span> <span class='ocrx_word' id='word_1_171' title='bbox 629 3614 727 3677; x_wconf 91' lang='lat' dir='ltr'>quam</span> <span class='ocrx_word' id='word_1_172' title='bbox 765 3591 898 3666; x_wconf 86' lang='lat' dir='ltr'>talibus,</span> <span class='ocrx_word' id='word_1_173' title='bbox 937 3590 1058 3655; x_wconf 87' lang='lat' dir='ltr'>mentis</span> <span class='ocrx_word' id='word_1_174' title='bbox 1096 3590 1293 3676; x_wconf 83' lang='lat' dir='ltr'>perspicacia</span> <span class='ocrx_word' id='word_1_175' title='bbox 1331 3592 1500 3678; x_wconf 85' lang='lat' dir='ltr'>complecti</span> 
     </span>
     <span class='ocr_line' id='line_1_25' title="bbox 446 3697 633 3785; baseline -0.011 -23"><span class='ocrx_word' id='word_1_176' title='bbox 446 3697 633 3785; x_wconf 69' lang='lat' dir='ltr'>potuisset?</span> 
     </span>
    </p>

    <p class='ocr_par' dir='ltr' id='par_1_6' title="bbox 493 3794 1646 3883">
     <span class='ocr_line' id='line_1_26' title="bbox 493 3794 1646 3883; baseline -0.005 -21"><span class='ocrx_word' id='word_1_177' title='bbox 493 3798 540 3863; x_wconf 86' lang='lat' dir='ltr'>Et</span> <span class='ocrx_word' id='word_1_178' title='bbox 562 3798 702 3883; x_wconf 89' lang='lat' dir='ltr'>quidem,</span> <span class='ocrx_word' id='word_1_179' title='bbox 726 3796 760 3859; x_wconf 93' lang='lat' dir='ltr'>in</span> <span class='ocrx_word' id='word_1_180' title='bbox 792 3817 887 3860; x_wconf 79' lang='lat' dir='ltr'>carne</span> <span class='ocrx_word' id='word_1_181' title='bbox 919 3795 975 3857; x_wconf 89' lang='lat' dir='ltr'>illo</span> <span class='ocrx_word' id='word_1_182' title='bbox 1006 3794 1113 3859; x_wconf 84' lang='lat' dir='ltr'>adhuc</span> <span class='ocrx_word' id='word_1_183' title='bbox 1144 3801 1270 3882; x_wconf 83' lang='lat' dir='ltr'>agente,</span> <span class='ocrx_word' id='word_1_184' title='bbox 1294 3798 1350 3861; x_wconf 88' lang='lat' dir='ltr'>sed</span> <span class='ocrx_word' id='word_1_185' title='bbox 1374 3798 1501 3862; x_wconf 90' lang='lat' dir='ltr'>meritis</span> <span class='ocrx_word' id='word_1_186' title='bbox 1513 3805 1646 3858; x_wconf 77' lang='lat' dir='ltr'>Account·</span> 
     </span>
    </p>
   </div>
   <div class='ocr_carea' id='block_1_5' title="bbox 444 3873 1630 4006">
    <p class='ocr_par' dir='ltr' id='par_1_7' title="bbox 444 3873 1630 4006">
     <span class='ocr_line' id='line_1_27' title="bbox 444 3873 1630 4006; baseline -0.007 -38"><span class='ocrx_word' id='word_1_187' title='bbox 444 3901 568 3967; x_wconf 91' lang='lat' dir='ltr'>coelnm</span> <span class='ocrx_word' id='word_1_188' title='bbox 606 3901 786 3978; x_wconf 87' lang='lat' dir='ltr'>obtinente,</span> <span class='ocrx_word' id='word_1_189' title='bbox 827 3919 894 3962; x_wconf 92' lang='lat' dir='ltr'>non</span> <span class='ocrx_word' id='word_1_190' title='bbox 932 3898 1059 3962; x_wconf 88' lang='lat' dir='ltr'>modica</span> <span class='ocrx_word' id='word_1_191' title='bbox 1105 3920 1165 3962; x_wconf 88' lang='lat' dir='ltr'>nec</span> <span class='ocrx_word' id='word_1_192' title='bbox 1206 3898 1331 3983; x_wconf 76' lang='lat' dir='ltr'>pauca²</span> <span class='ocrx_word' id='word_1_193' title='bbox 1370 3900 1410 3964; x_wconf 89' lang='lat' dir='ltr'>dc</span> <span class='ocrx_word' id='word_1_194' title='bbox 1448 3900 1500 3964; x_wconf 91' lang='lat' dir='ltr'>his</span> <span class='ocrx_word' id='word_1_195' title='bbox 1513 3873 1630 4006; x_wconf 45' lang='grc' dir='ltr'>ζῖτξὲξὴ</span> 
     </span>
    </p>
   </div>
   <div class='ocr_carea' id='block_1_6' title="bbox 444 3999 1660 4604">
    <p class='ocr_par' dir='ltr' id='par_1_8' title="bbox 444 3999 1660 4604">
     <span class='ocr_line' id='line_1_28' title="bbox 445 3999 1660 4091; baseline -0.004 -23"><span class='ocrx_word' id='word_1_196' title='bbox 445 4004 607 4091; x_wconf 89' lang='lat' dir='ltr'>quosdam</span> <span class='ocrx_word' id='word_1_197' title='bbox 638 4025 690 4067; x_wconf 89' lang='lat' dir='ltr'>me</span> <span class='ocrx_word' id='word_1_198' title='bbox 720 4002 817 4087; x_wconf 88' lang='lat' dir='ltr'>longe</span> <span class='ocrx_word' id='word_1_199' title='bbox 853 4000 1015 4066; x_wconf 84' lang='lat' dir='ltr'>doctiores</span> <span class='ocrx_word' id='word_1_200' title='bbox 1054 3999 1218 4085; x_wconf 86' lang='lat' dir='ltr'>scripsisse</span> <span class='ocrx_word' id='word_1_201' title='bbox 1257 4002 1385 4086; x_wconf 84' lang='lat' dir='ltr'>agnovi.</span> <span class='ocrx_word' id='word_1_202' title='bbox 1447 4002 1501 4064; x_wconf 82' lang='lat' dir='ltr'>Ex</span> <span class='ocrx_word' id='word_1_203' title='bbox 1513 4006 1660 4085; x_wconf 54' lang='lat' dir='ltr'>stittenin</span> 
     </span>
     <span class='ocr_line' id='line_1_29' title="bbox 445 4072 1622 4193; baseline -0.003 -22"><span class='ocrx_word' id='word_1_204' title='bbox 445 4107 569 4193; x_wconf 89' lang='lat' dir='ltr'>quibus</span> <span class='ocrx_word' id='word_1_205' title='bbox 603 4105 715 4189; x_wconf 87' lang='lat' dir='ltr'>aliqua</span> <span class='ocrx_word' id='word_1_206' title='bbox 752 4104 883 4191; x_wconf 86' lang='lat' dir='ltr'>inspexi</span> <span class='ocrx_word' id='word_1_207' title='bbox 895 4128 903 4183; x_wconf 82' lang='lat'><em>3</em></span> <span class='ocrx_word' id='word_1_208' title='bbox 942 4125 1015 4188; x_wconf 85' lang='lat' dir='ltr'>quae</span> <span class='ocrx_word' id='word_1_209' title='bbox 1054 4103 1153 4165; x_wconf 88' lang='lat' dir='ltr'>etiam</span> <span class='ocrx_word' id='word_1_210' title='bbox 1192 4124 1251 4188; x_wconf 92' lang='lat' dir='ltr'>pro</span> <span class='ocrx_word' id='word_1_211' title='bbox 1290 4072 1622 4190; x_wconf 45' lang='grc' dir='ltr'>1110115111101111ξ’ὧζέἰΕ</span> 
     </span>
     <span class='ocr_line' id='line_1_30' title="bbox 445 4205 1500 4294; baseline -0.005 -19"><span class='ocrx_word' id='word_1_212' title='bbox 445 4232 520 4275; x_wconf 87' lang='lat' dir='ltr'>mea</span> <span class='ocrx_word' id='word_1_213' title='bbox 554 4208 648 4273; x_wconf 86' lang='lat' dir='ltr'>vobis</span> <span class='ocrx_word' id='word_1_214' title='bbox 681 4207 935 4294; x_wconf 64' lang='lat' dir='ltr'>praetendebam,</span> <span class='ocrx_word' id='word_1_215' title='bbox 959 4227 1033 4269; x_wconf 85' lang='lat' dir='ltr'>curn</span> <span class='ocrx_word' id='word_1_216' title='bbox 1066 4227 1086 4267; x_wconf 89' lang='lat' dir='ltr'>a</span> <span class='ocrx_word' id='word_1_217' title='bbox 1113 4226 1186 4269; x_wconf 88' lang='lat' dir='ltr'>mea</span> <span class='ocrx_word' id='word_1_218' title='bbox 1217 4205 1383 4291; x_wconf 86' lang='lat' dir='ltr'>imperitia</span> <span class='ocrx_word' id='word_1_219' title='bbox 1413 4206 1500 4271; x_wconf 89' lang='lat' dir='ltr'>hunc</span> 
     </span>
     <span class='ocr_line' id='line_1_31' title="bbox 444 4306 1500 4395; baseline -0.005 -16"><span class='ocrx_word' id='word_1_220' title='bbox 444 4311 611 4379; x_wconf 86' lang='lat' dir='ltr'>scribendi</span> <span class='ocrx_word' id='word_1_221' title='bbox 646 4309 791 4375; x_wconf 88' lang='lat' dir='ltr'>laborem</span> <span class='ocrx_word' id='word_1_222' title='bbox 826 4308 973 4395; x_wconf 86' lang='lat' dir='ltr'>impendi</span> <span class='ocrx_word' id='word_1_223' title='bbox 997 4306 1134 4392; x_wconf 89' lang='lat' dir='ltr'>Hugoni</span> <span class='ocrx_word' id='word_1_224' title='bbox 1169 4311 1208 4369; x_wconf 87' lang='lat' dir='ltr'>ut</span> <span class='ocrx_word' id='word_1_225' title='bbox 1240 4307 1396 4372; x_wconf 87' lang='lat' dir='ltr'>dicebatis</span> <span class='ocrx_word' id='word_1_226' title='bbox 1426 4330 1500 4374; x_wconf 88' lang='lat' dir='ltr'>meo</span> 
     </span>
     <span class='ocr_line' id='line_1_32' title="bbox 445 4408 1500 4501; baseline -0.004 -22"><span class='ocrx_word' id='word_1_227' title='bbox 445 4414 629 4501; x_wconf 87' lang='lat' dir='ltr'>impensius</span> <span class='ocrx_word' id='word_1_228' title='bbox 653 4412 816 4497; x_wconf 80' lang='lat' dir='ltr'>exegistis.</span> <span class='ocrx_word' id='word_1_229' title='bbox 873 4410 946 4490; x_wconf 77' lang='lat' dir='ltr'>Quo</span> <span class='ocrx_word' id='word_1_230' title='bbox 979 4431 1077 4493; x_wconf 85' lang='lat' dir='ltr'>quam</span> <span class='ocrx_word' id='word_1_231' title='bbox 1112 4408 1254 4472; x_wconf 86' lang='lat' dir='ltr'>maxime</span> <span class='ocrx_word' id='word_1_232' title='bbox 1282 4430 1429 4474; x_wconf 85' lang='lat' dir='ltr'>sermone</span> <span class='ocrx_word' id='word_1_233' title='bbox 1460 4412 1500 4475; x_wconf 89' lang='lat' dir='ltr'>de</span> 
     </span>
     <span class='ocr_line' id='line_1_33' title="bbox 444 4512 1498 4604; baseline -0.005 -23"><span class='ocrx_word' id='word_1_234' title='bbox 444 4516 587 4604; x_wconf 88' lang='lat' dir='ltr'>supplici</span> <span class='ocrx_word' id='word_1_235' title='bbox 623 4522 732 4579; x_wconf 87' lang='lat' dir='ltr'>vestro</span> <span class='ocrx_word' id='word_1_236' title='bbox 765 4512 1017 4598; x_wconf 81' lang='lat' dir='ltr'>triumphastis3</span> <span class='ocrx_word' id='word_1_237' title='bbox 1059 4517 1101 4589; x_wconf 89' lang='lat' dir='ltr'>et,</span> <span class='ocrx_word' id='word_1_238' title='bbox 1135 4512 1169 4574; x_wconf 93' lang='lat' dir='ltr'>in</span> <span class='ocrx_word' id='word_1_239' title='bbox 1204 4532 1327 4576; x_wconf 91' lang='lat' dir='ltr'>morem</span> <span class='ocrx_word' id='word_1_240' title='bbox 1364 4512 1498 4588; x_wconf 84' lang='lat' dir='ltr'>Helisei,</span> 
     </span>
    </p>
   </div>
   <div class='ocr_carea' id='block_1_7' title="bbox 445 4613 1500 4703">
    <p class='ocr_par' dir='ltr' id='par_1_9' title="bbox 445 4613 1500 4703">
     <span class='ocr_line' id='line_1_34' title="bbox 445 4613 1500 4703; baseline -0.008 -17"><span class='ocrx_word' id='word_1_241' title='bbox 445 4619 645 4703; x_wconf 82' lang='lat' dir='ltr'>fluctivagos</span> <span class='ocrx_word' id='word_1_242' title='bbox 667 4616 867 4681; x_wconf 85' lang='lat' dir='ltr'>humilitatis</span> <span class='ocrx_word' id='word_1_243' title='bbox 890 4636 971 4679; x_wconf 77' lang='lat' dir='ltr'>mere</span> <span class='ocrx_word' id='word_1_244' title='bbox 994 4620 1103 4682; x_wconf 68' lang='lat' dir='ltr'>custus,</span> <span class='ocrx_word' id='word_1_245' title='bbox 1129 4623 1285 4699; x_wconf 83' lang='lat' dir='ltr'>tanquam</span> <span class='ocrx_word' id='word_1_246' title='bbox 1307 4613 1330 4678; x_wconf 87' lang='lat' dir='ltr'><strong>J</strong></span> <span class='ocrx_word' id='word_1_247' title='bbox 1332 4615 1500 4680; x_wconf 83' lang='lat' dir='ltr'>ordauicos</span> 
     </span>
    </p>
   </div>
   <div class='ocr_carea' id='block_1_8' title="bbox 452 4808 1041 4819">
    <p class='ocr_par' dir='ltr' id='par_1_10' title="bbox 452 4808 1041 4819">
     <span class='ocr_line' id='line_1_35' title="bbox 452 4808 1041 4819; baseline -0.014 0"><span class='ocrx_word' id='word_1_248' title='bbox 452 4810 652 4819; x_wconf 56' lang='lat' dir='ltr'>-n---v—--n</span> <span class='ocrx_word' id='word_1_249' title='bbox 876 4810 881 4813; x_wconf 91' lang='lat'><em>.</em></span> <span class='ocrx_word' id='word_1_250' title='bbox 915 4808 957 4813; x_wconf 74' lang='grc'>.-</span> <span class='ocrx_word' id='word_1_251' title='bbox 984 4808 998 4812; x_wconf 76' lang='grc'>,,</span> <span class='ocrx_word' id='word_1_252' title='bbox 1037 4808 1041 4811; x_wconf 67' lang='grc'>,</span> 
     </span>
    </p>
   </div>
   <div class='ocr_carea' id='block_1_9' title="bbox 481 4912 1500 4984">
    <p class='ocr_par' dir='ltr' id='par_1_11' title="bbox 481 4912 1500 4984">
     <span class='ocr_line' id='line_1_36' title="bbox 481 4912 1500 4984; baseline -0.005 -16"><span class='ocrx_word' id='word_1_253' title='bbox 481 4921 688 4984; x_wconf 77' lang='lat' dir='ltr'>¹innclescerem]</span> <span class='ocrx_word' id='word_1_254' title='bbox 749 4919 940 4983; x_wconf 79' lang='lat' dir='ltr'>ignoteseercnr,</span> <span class='ocrx_word' id='word_1_255' title='bbox 999 4914 1024 4962; x_wconf 89' lang='lat' dir='ltr'>iu</span> <span class='ocrx_word' id='word_1_256' title='bbox 1046 4914 1111 4972; x_wconf 68' lang='lat' dir='ltr'>Ms,</span> <span class='ocrx_word' id='word_1_257' title='bbox 1124 4912 1178 4962; x_wconf 73' lang='lat' dir='ltr'>licet</span> <span class='ocrx_word' id='word_1_258' title='bbox 1193 4914 1342 4978; x_wconf 49' lang='grc'><strong>1111111111</strong></span> <span class='ocrx_word' id='word_1_259' title='bbox 1361 4914 1453 4961; x_wconf 73' lang='lat' dir='ltr'>altered</span> <span class='ocrx_word' id='word_1_260' title='bbox 1474 4921 1500 4963; x_wconf 85' lang='lat' dir='ltr'>to</span> 
     </span>
    </p>
   </div>
   <div class='ocr_carea' id='block_1_10' title="bbox 442 4999 1141 5143">
    <p class='ocr_par' dir='ltr' id='par_1_12' title="bbox 442 4999 1141 5143">
     <span class='ocr_line' id='line_1_37' title="bbox 442 4999 1141 5065; baseline -0.003 -15"><span class='ocrx_word' id='word_1_261' title='bbox 442 4999 502 5050; x_wconf 77' lang='lat' dir='ltr'>MS.</span> <span class='ocrx_word' id='word_1_262' title='bbox 999 5016 1041 5047; x_wconf 79' lang='lat' dir='ltr'>nec</span> <span class='ocrx_word' id='word_1_263' title='bbox 1049 5015 1141 5065; x_wconf 75' lang='lat' dir='ltr'>poure.</span> 
     </span>
     <span class='ocr_line' id='line_1_38' title="bbox 478 5078 950 5143; baseline -0.006 -15"><span class='ocrx_word' id='word_1_264' title='bbox 478 5083 543 5128; x_wconf 73' lang='lat' dir='ltr'>’uec</span> <span class='ocrx_word' id='word_1_265' title='bbox 559 5078 658 5142; x_wconf 81' lang='lat' dir='ltr'>puseo]</span> <span class='ocrx_word' id='word_1_266' title='bbox 679 5079 821 5143; x_wconf 80' lang='lat' dir='ltr'>Originally</span> <span class='ocrx_word' id='word_1_267' title='bbox 842 5079 950 5134; x_wconf 77' lang='lat' dir='ltr'>written,</span> 
     </span>
    </p>
   </div>
   <div class='ocr_carea' id='block_1_11' title="bbox 1302 5159 1368 5219">
    <p class='ocr_par' dir='ltr' id='par_1_13' title="bbox 1302 5159 1368 5219">
     <span class='ocr_line' id='line_1_39' title="bbox 1302 5159 1368 5219; baseline -0.015 0"><span class='ocrx_word' id='word_1_268' title='bbox 1302 5159 1368 5219; x_wconf 78' lang='grc'><strong>12</strong></span> 
     </span>
    </p>
   </div>
   <div class='ocr_carea' id='block_1_12' title="bbox 0 0 2068 6325">
    <p class='ocr_par' dir='ltr' id='par_1_14' title="bbox 0 0 2068 6325">
     <span class='ocr_line' id='line_1_40' title="bbox 0 0 2068 6325; baseline 0 0"><span class='ocrx_word' id='word_1_269' title='bbox 0 0 2068 6325; x_wconf 95' lang='lat' dir='ltr'> </span> 
     </span>
    </p>
   </div>
  </div>
 </body>
</html>
