4125 6334
602 1098 666 1160 186
827 1108 910 1160 Vl'l'll
933 1111 959 1161 S.
983 1111 1141 1162 HUGONIS
1164 1111 1435 1166 Liaoemraassr.

596 1284 843 1348 commissorum
876 1283 1098 1349 indemnitate
1124 1285 1162 1350 in
1192 1286 1281 1352 votis
1310 1307 1439 1375 semper
1472 1289 1658 1358 habuerat¹

596 1407 718 1472 ponere
741 1387 895 1464 animam,
919 1385 1064 1472 qualiter
1086 1387 1135 1453 eis
1156 1409 1250 1453 suam
1271 1395 1485 1476 extorqueret
1505 1394 1662 1460 substan·

595 1487 702 1554 tiaml
760 1488 833 1566 Vel,
856 1489 915 1574 qui
947 1509 1042 1554 suam
1073 1511 1095 1553 a
1120 1490 1318 1576 praebitione
1344 1493 1485 1580 ignobili
1515 1495 1661 1566 eximere

590 1591 766 1678 salagebat
789 1591 966 1670 ecclesiam,
984 1592 1150 1677 quomodo
1165 1593 1306 1658 aliorum
1327 1595 1478 1662 ecclesiae
1502 1605 1659 1666 oneraret

571 1704 630 1772 ,ut
659 1693 807 1786 seipsum
832 1693 1003 1774 relevaret,
1034 1700 1069 1759 et
1092 1717 1152 1780 pro
1177 1717 1238 1761 sua
1262 1696 1418 1764 libertate
1435 1699 1559 1788 jugum
1581 1701 1656 1768 aliis

590 1801 778 1888 imponeret
804 1795 1007 1864 serviturae

423 1913 487 1962 'rnre
633 1901 712 1968 Jam
738 1903 853 1990 itaque
877 1898 950 1964 vire
966 1899 1029 1963 Dei
1054 1899 1232 1964 videbatur
1255 1902 1389 1968 arricum
1413 1925 1584 1990 superesse
1605 1929 1655 1974 re-

422 1995 568 2109 }'ffssffillpm
590 2005 744 2084 medium,
766 2005 856 2092 quod
885 2005 920 2066 et
942 2001 1007 2066 sibi
1030 2013 1104 2068 erat
1126 2002 1209 2068 satis
1231 2005 1407 2086 votivu1n;
1432 2012 1472 2072 ut
1498 2008 1570 2094 ipse
1592 2011 1655 2076 sei-

422 2129 494 2191 psos
507 2123 532 2162 to
589 2109 667 2174 licet
705 2109 748 2174 ad
787 2129 880 2174 suam
922 2104 1059 2172 interim
1090 2106 1243 2170 secedens
1274 2106 1502 2188 withamiam,
1539 2110 1653 2200 ibique

421 2181 564 2310 Ξζζξηῖἶω
589 2211 735 2276 solitarie
751 2213 883 2298 degens,
910 2215 1095 2296 proventus
1118 2209 1291 2274 universos
1318 2212 1423 2277 totius
1445 2214 1655 2302 episcopatus

420 2312 533 2390 aarum
588 2314 630 2378 ad
657 2335 820 2378 summam
847 2313 946 2398 hujus
969 2309 1079 2378 debiti
1104 2309 1354 2396 persolvendam
1381 2318 1531 2382 converti
1563 2319 1652 2385 ordi-

420 2380 689 2496 dampnaret.
746 2415 921 2480 Gaudebat
952 2419 1025 2480 tete
1052 2411 1168 2480 animo
1198 2417 1234 2478 et
1263 2415 1449 2493 exultabat,
1472 2419 1553 2503 quia
1581 2442 1652 2488 non

419 2511 574 2590 rbebiahop-
587 2519 685 2584 modo
697 2518 822 2604 justam
847 2524 881 2583 et
904 2518 1086 2596 honestam,
1106 2517 1211 2582 immo
1233 2521 1270 2582 et
1291 2520 1509 2586 neeessariam
1532 2545 1567 2589 se
1589 2545 1653 2611 pu·

419 2583 563 2713 ilbiiliie
587 2625 682 2690 tabat
714 2623 877 2689 invenisse
901 2621 1111 2699 occisionem,
1134 2625 1174 2688 ut
1198 2643 1220 2684 a
1240 2621 1420 2688 mundanis
1446 2625 1653 2695 tumultibus

418 2724 527 2818 ²¹¹¹¹2¹¹¹¹b
586 2727 789 2814 aliquamdiu
814 2726 989 2800 secederet,
1013 2746 1051 2789 ac
1073 2724 1209 2790 secretis
1230 2721 1425 2792 eoelmibus
1449 2749 1488 2793 eo
1513 2732 1652 2798 suavius

463 2801 492 2842 ⁶⁴
507 2796 530 2844 b'
587 2853 651 2916 quo
682 2837 717 2896 et
748 2829 882 2894 liberius
913 2827 1098 2893 inhaereret.
1144 2827 1223 2892 Jam
1245 2825 1312 2894 sibi
1333 2827 1510 2896 blanditur
1531 2838 1568 2899 et
1589 2857 1650 2922 ap·

419 2945 489 2995 irem.
501 2946 554 2996 viii.
584 2933 717 3019 plaudit
740 2933 780 2997 dc
804 2930 987 2995 assertione
1003 2931 1106 3006 Pauli,
1131 2931 1212 2995 scire
1235 2953 1271 2996 se
1293 2929 1648 3018 perhibentis,“Quo·

419 3017 457 3062 ²⁸·
586 3044 601 3069 ·‘
618 3037 707 3099 niam
724 3034 941 3120 diligentibus
958 3033 1068 3097 Deum
1084 3032 1472 3120 omniacooperauturiu
1488 3037 1648 3108 bonum.”

628 3137 791 3224 Sperabat
825 3135 922 3213 enim,
945 3134 1049 3221 juxta
1080 3135 1355 3204 deliberationem
1384 3159 1489 3218 mam,
1519 3161 1564 3208 ex
1592 3145 1651 3212 in-

583 3241 671 3308 flicto
704 3263 813 3306 rernm
844 3238 1018 3326 dispendio
1042 3239 1277 3325 temporalium
1308 3243 1472 3308 remmam
1502 3251 1646 3316 munii

582 3345 821 3431 compendium,
844 3341 1053 3426 fructumque
1069 3363 1111 3406 ex
1127 3341 1222 3407 brevi
1245 3363 1359 3428 capere
1377 3343 1511 3429 jactura
1530 3349 1643 3436 eopio-

415 3453 547 3518 Thispre
582 3471 663 3514 siun
711 3448 843 3522 Verani,
867 3451 907 3509 ut
940 3445 1000 3508 boc
1036 3465 1131 3508 suum
1166 3445 1371 3530 propositum
1407 3447 1538 3516 notitiis
1567 3471 1644 3518 sue·

416 3521 654 3613 pasalvohermn
678 3548 848 3613 intimavit
870 3546 1072 3622 clericerum,
1096 3546 1203 3611 obniti
1232 3547 1464 3614 r'elrementius
1492 3551 1643 3622 universi

415 3589 561 3719 illudis,
580 3659 758 3738 caeperunt,
802 3648 1043 3713 intolerabilem
1086 3649 1148 3712 sibi
1192 3671 1324 3734 prorsus
1376 3650 1467 3716 illias
1507 3661 1640 3722 tautam

416 3722 559 3838 ipporegy,
581 3755 795 3820 remotionem
832 3757 1064 3838 protestantes.
1127 3752 1193 3817 Sed
1230 3758 1264 3817 ct
1298 3752 1460 3840 religiosas
1491 3780 1640 3843 personui

581 3861 772 3932 innumera,
808 3877 850 3919 ne
884 3855 917 3920 id
952 3857 1045 3920 lieret
1080 3855 1168 3940 qllod
1201 3855 1407 3942 disponebat,
1438 3880 1638 3949 magnopere

580 3962 823 4026 dissuadebant.

417 4070 562 4128 liberaret·
618 4066 769 4150 lienique
785 4064 949 4128 universis
965 4061 1103 4126 diocesis
1118 4083 1186 4126 sare
1202 4061 1427 4128 ecclesiasticis
1438 4068 1586 4150 personis
1601 4071 1637 4136 in

415 4136 751 4254 iliilsffllis,corninune
776 4167 908 4252 placuit,
933 4165 975 4228 ad
1001 4164 1247 4249 exemptionem
1270 4165 1418 4231 matricis
1441 4189 1510 4234 sure
1537 4174 1638 4240 eecle-

414 4285 511 4332 murm:
579 4273 645 4342 sire,
661 4269 830 4355 pecuniarii
848 4270 888 4332 de
904 4270 972 4330 suis
988 4266 1090 4352 copiis
1105 4266 1215 4330 animo
1232 4267 1350 4332 libenti
1364 4269 1530 4353 conferre3
1554 4297 1637 4340 una

579 4374 714 4436 nimiter
738 4393 876 4454 qrreqae,
904 4377 942 4432 nt
967 4377 1092 4454 patrem
1118 4373 1152 4432 rt
1184 4369 1386 4434 ‹laribuserrrn
1415 4373 1503 4456 piurn
1532 4383 1634 4462 atque.

581 4475 801 4546 lbrliuinmnr,
829 4475 933 4557 ipsam
959 4473 1115 4534 obnixius
1146 4472 1345 4557 flagitabant
1368 4476 1564 4563 episcopam,
1592 4505 1635 4547 ne

582 4581 677 4662 bajas¹
709 4580 752 4638 rei
787 4576 894 4662 gralia.
926 4599 1016 4636 sinna
1043 4576 1085 4636 ab
1113 4574 1160 4636 eis
1187 4576 1395 4659 aliquatenus
1423 4584 1631 4665 praeentiam

580 4682 773 4746 alisenlaret.
808 4679 870 4754 lta,
887 4677 1031 4740 niallam
1045 4677 1121 4740 licet
1138 4678 1266 4742 invitas
1282 4685 1632 4760 etcoactus,iiliorrn11

581 4808 712 4851 suoram
736 4779 963 4870 petitionibus,
992 4783 1026 4844 ct
1050 4780 1195 4846 consiliis
1225 4784 1394 4869 acquievit
1424 4787 1631 4876 suricorum3

1413 4974 1463 4980 *¹—
1488 4975 1625 4988 ⁸—-

863 5077 867 5104 ¹
880 5073 1012 5140 laudarent]
1032 5077 1067 5125 δυ
1078 5075 1154 5134 lllb'.;
1171 5076 1265 5138 babuit,
1276 5075 1336 5126 l'er.
