4125 6334
599 1109 663 1171 158
820 1120 903 1169 rma
926 1121 950 1169 s.
975 1119 1133 1169 ancoris
1155 1117 1425 1170 macomariam.

599 1302 616 1329 “
639 1295 891 1375 absorbendum,
923 1316 961 1359 ac
993 1294 1111 1359 vivum
1147 1293 1185 1358 in
1218 1293 1386 1360 infernum
1422 1292 1654 1378 collapsurum

598 1405 615 1432 “
639 1398 781 1463 Tantam
804 1397 945 1483 denique
960 1397 1081 1462 mentis
1104 1395 1329 1463 confusionem
1344 1397 1478 1476 incurri,
1494 1400 1536 1461 ut
1558 1400 1656 1463 extra

600 1507 617 1534 “
642 1499 800 1586 meipsum
823 1521 876 1565 me
890 1498 1043 1564 funditus
1065 1504 1219 1587 putaram
1244 1500 1405 1566 effectum.

647 1611 663 1636 “
686 1601 784 1668 Diem
806 1623 885 1667 vero
908 1601 1012 1680 illum,
1039 1624 1113 1668 cum
1137 1602 1245 1689 prima
1268 1601 1437 1689 sequentis
1460 1605 1556 1688 parte
1579 1622 1654 1666 noc-

602 1715 616 1739 ‘·
642 1704 707 1785 tis,¹
731 1705 768 1770 in
798 1705 941 1771 lacrimis
976 1705 1120 1791 expendi
1146 1711 1182 1771 et
1203 1704 1429 1791 singultibus:
1454 1702 1550 1769 cum'
1572 1725 1655 1781 ecoe,

601 1815 616 1841 “
640 1815 715 1893 post
736 1809 843 1874 noctis
871 1808 1025 1888 medium,
1057 1808 1217 1873 lassatum
1252 1830 1321 1894 prae
1354 1805 1496 1873 tristitia
1527 1827 1657 1893 corpus·

600 1917 617 1945 “
641 1910 752 1975 culum
768 1911 803 1975 in
819 1932 969 1997 soporem
983 1910 1169 1991 resolvitur,
1185 1909 1324 1996 visaque
1338 1908 1422 1974 mihi
1442 1914 1495 1974 est
1508 1909 1656 1974 astitisse

431 2020 565 2072 visionor
600 2012 760 2078 “femina
783 2012 1000 2079 inestimabili
1036 2012 1235 2100 praefulgens
1269 2012 1394 2092 decore,
1419 2010 1502 2077 talia
1524 2009 1655 2077 ferens⁸

431 2087 585 2219 mipace
601 2125 617 2149 “
641 2116 768 2181 monita
805 2115 962 2180 desolato.
1008 2125 1016 2151 ‘
1043 2114 1144 2193 Noli,'
1177 2115 1235 2192 ait,
1271 2114 1438 2192 ‘miselle
1475 2113 1655 2202 desperare.

600 2225 619 2253 “
642 2219 774 2304 ‘Larga
796 2222 847 2283 est
869 2217 1046 2282 clementia
1060 2221 1096 2283 et
1110 2239 1232 2304 magna
1254 2217 1405 2305 potentia
1421 2215 1485 2282 filii
1507 2216 1582 2294 inei,
1597 2216 1655 2302 qui

599 2330 616 2354 “
641 2320 828 2385 ‘neminem
851 2319 926 2385 vult
949 2321 1063 2406 perire
1109 2320 1254 2407 Surgens
1276 2341 1355 2384 vero
1382 2319 1527 2385 diluculo
1552 2339 1657 2384 sacer·

601 2429 618 2458 “
644 2422 778 2488 ‘dotem
799 2423 938 2508 inquire,
954 2444 1053 2509 quem
1068 2422 1133 2488 tibi
1155 2444 1224 2487 non
1245 2420 1423 2510 ignotum⁴
1450 2420 1587 2508 designo
1613 2441 1656 2484 ex

600 2535 615 2559 “
640 2525 805 2606 ‘nomine,
821 2525 915 2611 eique
938 2525 1092 2605 fideliter,
1108 2548 1197 2612 pure,
1219 2531 1254 2590 et
1276 2526 1414 2613 integre,
1440 2527 1574 2611 peccata
1596 2528 1655 2587 tua

601 2637 615 2664 ‘⁸
641 2628 837 2695 ‘confitere'
883 2629 948 2693 His
963 2629 1070 2709 dictis,
1088 2629 1173 2694 visio
1198 2628 1282 2693 mihi
1304 2650 1378 2695 cum
1403 2648 1518 2692 somno
1541 2625 1656 2691 ablata

599 2740 615 2766 ‘¹
640 2738 697 2798 est.
744 2732 816 2820 Ego
840 2732 880 2797 ds
906 2738 1002 2798 nocte
1025 2752 1225 2818 consurgens
1249 2730 1333 2795 mihi
1353 2729 1509 2815 injuncta
1533 2727 1654 2816 peregi.

599 2845 613 2869 “
639 2836 708 2900 Nee
731 2836 837 2900 multo
864 2842 946 2921 post,
968 2834 1168 2900 confusionis
1194 2856 1276 2900 meae
1298 2833 1450 2899 ruborem
1486 2853 1554 2897 non
1587 2853 1655 2897 sus

598 2949 614 2971 ¹¹
637 2940 757 3018 tinens,
781 2938 888 3003 locum
916 2938 1050 3024 insuper
1083 2936 1281 3023 perditionis
1310 2957 1393 3001 mere
1414 2934 1655 3004 exhorrescens,

597 3048 614 3074 “
638 3040 770 3104 discessi
785 3039 931 3104 clanculo
955 3062 975 3103 a
990 3039 1088 3104 domo
1108 3039 1278 3125 genitricis
1302 3060 1393 3117 meac,
1418 3051 1453 3102 et
1475 3060 1494 3102 a
1517 3036 1656 3103 civitate

598 3152 613 3176 “
637 3142 673 3205 in
695 3163 761 3226 qua
783 3147 883 3206 natus
908 3147 944 3206 et
968 3146 1182 3208 conversatus
1207 3141 1383 3207 infeliciter
1408 3162 1506 3206 eram.

643 3254 659 3279 “
683 3245 840 3330 Pergenti
873 3266 960 3323 vero,
985 3245 1042 3310 sed
1076 3266 1142 3331 quo
1176 3244 1380 3311 tendendum
1403 3243 1459 3308 vel
1489 3243 1550 3308 ubi
1581 3264 1656 3307 eon·

471 3364 540 3412 tab.
599 3348 823 3413 “sistendum
857 3348 940 3412 mihi
973 3347 1177 3413 commodius
1209 3355 1294 3413 esset
1318 3346 1488 3426 nescienti,
1513 3345 1657 3412 occurrit

599 3461 613 3484 “
638 3452 789 3517 anxianti
805 3456 839 3515 et
862 3452 1015 3516 moerenti
1032 3451 1088 3515 vir
1108 3473 1150 3516 ex
1172 3450 1352 3536 improviso
1378 3448 1532 3514 horrendi
1548 3469 1658 3536 aspec-

431 3571 572 3624 Thedem.
599 3561 615 3590 ‘⁴
639 3559 702 3632 tus,
719 3558 848 3618 statura
864 3553 1049 3640 perlongus,
1073 3552 1191 3639 capillo
1216 3552 1330 3631 mifus3
1353 3553 1409 3637 qui
1437 3573 1492 3615 ore
1514 3551 1656 3616 terrifico

445 3741 476 3750 ν
598 3667 613 3691 “
638 3658 708 3722 haec
734 3657 816 3721 mihi
844 3661 895 3720 est
921 3657 1071 3721 locutus:
1109 3653 1299 3731 ‘Pessime'
1322 3654 1442 3740 inquit,
1466 3651 1657 3719 ‘offendisti

328 3738 442 3850 l„
599 3769 612 3794 “
640 3768 647 3793 ‘
664 3759 773 3825 Deum
788 3765 822 3824 et
838 3761 908 3846 ejus
932 3759 1126 3846 genitricem
1142 3782 1150 3838 ;
1173 3779 1256 3843 quos
1279 3757 1307 3821 si
1322 3757 1404 3822 velis
1428 3757 1545 3842 quovis
1560 3760 1656 3843 pacto

598 3872 613 3895 ‘⁸
638 3873 645 3896 ‘
661 3862 779 3928 habere
794 3864 964 3949 propitios,
981 3862 1091 3949 ipsum
1107 3883 1236 3926 necesse
1253 3871 1304 3925 est
1318 3858 1454 3946 corpus⁶
1470 3860 1654 3946 extinguas,

599 3976 613 3997 “
639 3975 645 3998 ‘
662 3988 727 4050 quo
743 3967 790 4031 eis
805 3968 904 4031 toties
921 3965 1100 4051 injuriosus
1116 3964 1285 4029 extiteras.
1328 3962 1428 4026 Erras
1444 3961 1534 4026 enim
1549 3961 1578 4025 si
1593 3982 1659 4026 cre-

598 4076 613 4101 “
640 4074 648 4103 ‘
660 4069 718 4134 das
730 4069 819 4154 quod
834 4070 870 4133 in
885 4069 1001 4133 eodem
1011 4068 1145 4133 vasculo
1157 4067 1245 4153 quod
1256 4071 1310 4131 tot
1322 4063 1659 4131 contaminationibus

599 4178 616 4205 “
642 4181 649 4205 ‘
665 4171 819 4258 polluisti,
844 4172 1026 4257 quidquam
1043 4170 1169 4235 divinae
1185 4169 1372 4234 sinceritati
1399 4173 1570 4253 acceptum
1586 4189 1661 4253 ope-

429 4294 586 4359 Canarbury
599 4280 618 4307 “
641 4276 731 4338 ‘rari
762 4273 880 4359 queas?
926 4272 995 4337 Vix
1022 4274 1147 4339 dictum
1171 4272 1380 4358 impleverat,
1405 4273 1439 4335 et
1466 4291 1538 4336 soce
1570 4290 1662 4356 pere·

429 4360 550 4425 pilgrims.
598 4384 614 4412 “
637 4377 725 4464 grini
740 4376 931 4454 adveniunt,
947 4375 1038 4441 beati
1054 4375 1210 4464 martyris
1226 4375 1363 4440 Thomas
1382 4373 1488 4439 busta
1502 4372 1659 4460 petituri:

597 4480 843 4566 “adquorum
874 4480 1085 4564 praesentiam
1108 4478 1164 4565 qui
1199 4477 1399 4564 loquebatur
1434 4480 1570 4562 repente
1594 4475 1659 4539 dis-

597 4583 757 4669 “paruit
804 4581 874 4669 Ego
906 4582 944 4645 in
968 4580 1178 4647 formidinem
1205 4580 1305 4646 simul
1332 4586 1366 4646 et
1389 4578 1651 4667 desperationem

1293 4752 1400 4759 ...η-.-
1404 4751 1481 4759 -..—-

633 4853 639 4881 ¹
651 4851 741 4918 meat]
761 4851 796 4901 So
808 4851 882 4910 Pcz.;
900 4857 982 4912 nocte,
993 4849 1053 4900 MS.
1189 4850 1197 4879 ⁴
1210 4867 1256 4899 aon
1278 4848 1396 4914 pactum]
1417 4847 1451 4899 So
1474 4847 1547 4906 MS.;
1565 4853 1661 4905 notum¹

631 4972 641 4999 ¹
651 4970 718 5035 cum]
738 4969 772 5020 So
783 4967 840 5018 MS.
852 4988 859 5026 ς
878 4973 940 5028 tum,
952 4968 1012 5018 Per.
1154 4927 1207 4981 Pa

1189 4967 1311 5075 Βὀοηηιε]
1344 5007 1378 5059 So
1403 5005 1479 5068 MS.;
1505 5013 1534 5057 ut
1562 5019 1662 5069 corpus,

631 5087 746 5153 Ἴωσιν]
767 5083 891 5146 so'Ms.;
909 5087 1028 5147 referens,
1043 5086 1103 5140 Per.
1154 5086 1216 5139 Per.
