4125 6334
534 1122 600 1186 294
758 1130 841 1180 vrrs
863 1130 888 1180 s.
912 1129 1070 1179 annonis
1094 1125 1367 1176 umooumnusus.

363 1325 484 1417 pressans
536 1308 667 1393 siguum
699 1304 848 1381 infausti,
882 1323 1024 1368 consona
1057 1322 1141 1387 pene
1173 1300 1404 1368 universorum
1432 1301 1491 1387 qui
1524 1301 1601 1367 ade-

365 1375 498 1477 tiiiiiiii·
536 1416 613 1474 rant
641 1406 877 1492 interpretatio
899 1405 1074 1471 asserebat.
1123 1403 1201 1468 Jam
1218 1424 1297 1468 vero
1319 1402 1366 1468 rei
1392 1402 1495 1488 hujus
1518 1426 1603 1492 prm-

536 1511 665 1597 sogium
683 1509 802 1575 clarius
826 1508 989 1583 enitescit,
1013 1507 1103 1583 dum,
1128 1506 1185 1571 illo
1207 1505 1374 1572 enerviter
1397 1505 1601 1584 lasciviente,

536 1636 603 1679 uon
635 1614 740 1676 solum
774 1612 915 1676 ducatus
948 1608 1174 1684 Normannici‚
1206 1607 1307 1674 immo
1343 1613 1386 1686 et,
1418 1629 1493 1676 eum
1524 1608 1600 1676 aliis

368 1727 514 1791 Aquitanis,
536 1715 715 1803 provinciis
748 1719 783 1777 et
818 1712 1042 1790 comitatibus,
1070 1710 1265 1797 Aquitanici
1299 1711 1399 1776 etiam
1435 1710 1598 1778 ditionem

367 1794 490 1924 ξιοξζῧω
537 1818 656 1883 amisit.
697 1815 858 1903 Supremo
873 1814 1034 1880 nimirum
1050 1813 1199 1879 omnium
1215 1812 1354 1879 Rectum
1369 1813 1406 1880 id
1423 1812 1516 1899 juste
1531 1813 1598 1880 dis-

368 1926 446 1977 Johu·
537 1924 688 2007 ponente,
711 1918 832 2005 utqui
855 1919 897 1983 ad
921 1918 1034 2005 ipsum
1065 1938 1170 2003 usque
1194 1916 1231 1980 in
1253 1937 1395 2003 proesens
1418 1938 1474 1983 cor
1501 1938 1598 1982 suum

538 2024 687 2109 dirigere,
712 2027 746 2088 et
768 2044 860 2108 spem
883 2020 920 2084 in
947 2043 985 2087 oo
1008 2020 1109 2106 figam
1131 2018 1289 2106 neglexit,
1313 2040 1372 2086 uec
1395 2018 1464 2105 ipse
1496 2041 1597 2086 manu

538 2125 650 2190 valida
673 2125 737 2190 sibi
760 2122 949 2188 commissos
980 2143 1101 2208 regere,
1125 2142 1186 2188 nec
1220 2141 1333 2187 eorum
1360 2120 1599 2208 subjectionem

538 2229 603 2293 sibi
625 2226 753 2292 diutius
776 2226 922 2311 quiverit
945 2225 1122 2292 vindicare.

584 2329 709 2393 Verum
740 2327 780 2392 de
811 2326 970 2414 principis
997 2326 1097 2412 hujus
1121 2326 1301 2413 principiis,
1332 2326 1476 2394 hominis
1506 2328 1600 2394 vide-

372 2432 454 2481 Pali.
468 2439 491 2480 ⁹·
539 2432 617 2496 licet
645 2430 794 2516 quinon
825 2429 938 2516 posuit
964 2429 1073 2495 Deum
1100 2430 1289 2516 adjutorem
1316 2451 1421 2506 suum,
1449 2431 1520 2496 haec
1549 2432 1602 2497 ita

541 2533 732 2599 summatim
757 2532 990 2619 perstrinxisse
1021 2530 1170 2597 sufficiat.
1228 2531 1345 2598 Restat
1375 2554 1454 2598 vero
1484 2539 1526 2600 ut
1554 2535 1601 2599 ad

371 2643 414 2693 Pa
427 2658 467 2693 xc·
482 2648 503 2690 1·
541 2636 760 2701 retexendum
791 2636 891 2700 linem
922 2635 1003 2702 vitae
1026 2633 1180 2715 hominis,
1204 2634 1390 2702 habitantis
1408 2635 1538 2722 jugiter
1564 2638 1603 2702 in

541 2739 706 2824 adjutorio
729 2737 901 2816 Altissimi,
927 2742 962 2803 et
985 2737 1021 2801 in
1044 2736 1248 2823 protectione
1268 2737 1331 2804 Dei
1354 2738 1428 2804 coeli
1452 2738 1603 2805 finaliter

541 2840 784 2917 commorantis,
807 2841 844 2904 in
870 2839 945 2908 aliis
968 2844 1097 2905 remota
1122 2840 1195 2926 jam
1225 2840 1365 2907 nimium
1388 2840 1459 2908 haee
1484 2847 1604 2908 nostra

541 2944 782 3029 qualiscunque
806 2947 955 3008 recurrat
978 2939 1109 3030 oratio*¹

910 3265 1121 3333 Ossirmuu
1145 3266 1225 3332 XII.

542 3448 715 3531 Quomodo
738 3448 837 3534 opud
859 3447 978 3515 uicum
1001 3447 1066 3535 qui
1088 3449 1221 3515 Fleccbe
1237 3448 1377 3530 dieitur,
1401 3450 1526 3520 missos
1549 3476 1604 3519 so·

633 3549 783 3614 teneritas·
805 3548 1009 3630 celebrando,
1037 3550 1240 3617 uiolentiam
1258 3551 1477 3638 predonum,
1502 3576 1606 3642 equos·

632 3650 888 3735 diripientium
910 3658 939 3716 ct
956 3652 1157 3722 serupulus
1180 3677 1331 3733 sumum,
1348 3658 1494 3724 evaserit.
1535 3659 1604 3724 Iu·-

633 3752 776 3837 demque
801 3752 1043 3834 Oeuomuuuis,
1069 3756 1212 3843 lyncum
1235 3758 1496 3825 matutinorum
1519 3783 1604 3847 pro-

631 3855 776 3920 tractius
808 3856 990 3936 curatuudo,
1022 3866 1237 3926 asemel-torum
1268 3858 1424 3928 iusidias
1454 3860 1603 3928 eluserit.

632 3958 676 4021 m
700 3956 840 4024 mmmm
869 3980 949 4026 curu
975 3959 1109 4044 puude‘o
1132 3960 1347 4048 triumphali
1377 3960 1425 4029 od
1454 3985 1534 4030 auos
1561 3965 1603 4031 iu

631 4060 766 4146 Aupliu
789 4060 937 4127 redierit.

373 4250 528 4328 Theonino
587 4230 673 4296 Cum
697 4233 784 4295 enim
808 4233 887 4318 styli
911 4233 1083 4299 velocioris
1106 4235 1268 4322 impetum
1291 4258 1394 4326 usque
1411 4237 1454 4302 ad
1469 4238 1605 4305 lectoris

372 4325 511 4450 ffingffis
542 4333 680 4398 taedium
719 4333 849 4399 effluere
884 4336 1156 4422 pertimescimus,
1195 4339 1236 4403 de
1276 4341 1378 4427 gestis
1415 4341 1608 4426 insignibus

372 4467 449 4516 many
461 4452 491 4501 of
542 4436 703 4521 dictisque
726 4438 996 4503 memorabilibus
1016 4439 1081 4503 viri
1110 4440 1294 4505 beatissimi
1318 4442 1400 4506 satis
1426 4443 1606 4510 innumero.

371 4519 512 4651 fffigeffi
542 4561 583 4602 ex
607 4539 758 4604 consulto
781 4541 999 4626 praeterimus.
1050 4541 1146 4622 Quod
1172 4565 1209 4608 eo
1236 4544 1467 4610 confidentiori
1489 4548 1605 4614 auimo

371 4652 429 4711 lieu
444 4653 528 4701 which
541 4643 647 4708 tacere
663 4643 903 4730 praesumimus,
919 4645 1096 4730 minusque
1112 4668 1296 4733 suppressae
1317 4647 1470 4713 veritatis
1483 4649 1603 4716 fraude

371 4718 510 4849 {pappos
541 4746 636 4811 nobis
661 4745 850 4826 metuimus,
877 4767 942 4830 quo
965 4770 986 4810 a
1015 4748 1112 4812 nobis
1140 4749 1269 4827 omissa,
1298 4750 1383 4815 sicut
1410 4772 1510 4838 supra
1533 4774 1603 4817 me-

371 4852 501 4980 geyspppeep
542 4848 752 4927 moravimus,
776 4849 818 4913 ab
843 4847 918 4912 aliis
941 4851 1144 4916 commodius
1169 4852 1259 4918 diota
1281 4845 1468 4939 scriptoque
1491 4854 1603 4921 indita

372 4984 477 5033 mm,
541 4974 610 5017 esse
626 4953 806 5018 certissime
823 4973 997 5039 speramus
1047 4954 1178 5019 Cursim
1202 4956 1306 5044 igitur
1322 4978 1360 5020 ea
1375 4977 1448 5042 quae
1470 4963 1603 5023 restant

417 5063 484 5113 98b·
541 5075 645 5143 usque
676 5056 717 5119 ad
752 5055 879 5120 felicem
917 5076 1085 5121 excessum
1125 5058 1230 5144 ipsius
1264 5059 1526 5146 perstringimus,
1558 5082 1603 5126 ne
