4125 6334
805 1134 908 1190 tiara
930 1142 967 1204 11,
990 1138 1062 1190 car.
1087 1141 1132 1189 ru.
1442 1125 1484 1189 89

431 1311 601 1399 “potiora
636 1333 702 1377 non
738 1313 855 1391 latent,
887 1313 958 1379 haec
996 1311 1132 1378 inutilia
1167 1316 1202 1377 et
1237 1333 1326 1376 vana
1360 1310 1487 1377 diutius

432 1422 449 1447 ‘¹
472 1421 585 1480 tenere
610 1436 671 1480 uec
695 1415 818 1481 debent
843 1437 902 1481 nec
926 1415 1049 1479 valent.
1096 1413 1161 1479 His
1181 1436 1266 1501 orgo,
1283 1410 1484 1479 salubriora¹

433 1525 449 1550 “
474 1517 655 1602 quaesituri,
679 1517 819 1582 ulterius
842 1537 1029 1581 recusamus
1053 1515 1189 1581 addici.’'

479 1618 614 1683 Talibus
638 1641 767 1683 sacrum
793 1619 943 1684 ordinem
970 1618 1066 1683 illum
1096 1616 1240 1703 agebat²
1267 1617 1487 1704 blasphemiis,

435 1718 559 1785 talibus
589 1721 699 1784 virum
726 1721 789 1786 Dei
819 1719 982 1786 afficiebat
1012 1719 1180 1800 conviciis,
1209 1719 1353 1784 hominis
1383 1720 1489 1806 porvi-

434 1822 523 1886 cacia
548 1824 669 1888 vesani.
728 1823 872 1889 Dolebat
901 1824 1028 1888 interea
1055 1822 1157 1909 Hugo
1188 1822 1340 1909 periculis
1366 1845 1487 1901 eorum,

434 1924 492 2009 qui
511 1924 582 2009 jum
608 1925 825 1990 firmaverant
851 1925 915 1990 sibi
936 1946 1119 1991 sermonem
1142 1946 1283 2010 nequam
1308 1925 1486 2011 apostasiae.
1501 1928 1543 1979 1³⁵·
1553 1930 1618 1979 lxiii.
1633 1934 1655 1979 ⁶·

435 2025 587 2091 Timebat
611 2049 742 2113 quoque
764 2027 1179 2103 scaudalis³infi1morum
1195 2049 1232 2091 ac
1255 2032 1401 2092 reeenter
1415 2049 1488 2093 oon·

436 2149 612 2206 versorum,
636 2151 726 2215 quos,
751 2136 870 2217 praeter
900 2130 1111 2195 inevitabiles
1134 2129 1352 2215 undecunque
1375 2129 1491 2215 prode·

436 2239 534 2295 untes
560 2232 782 2297 tentationum
813 2238 923 2313 aestua,
955 2232 1144 2318 hujusmodi
1175 2232 1404 2297 vehementius
1433 2253 1490 2296 ex-

436 2333 610 2419 agitabant
645 2338 876 2420 tempestuosae
907 2333 1079 2421 procellae.‘
1124 2334 1208 2398 Erat
1237 2334 1325 2399 enim
1353 2332 1489 2419 spiritus

436 2458 556 2511 eorum,
580 2435 664 2500 male
688 2435 812 2501 scilicet
835 2436 1052 2513 robustorum,
1075 2437 1168 2501 velut
1194 2436 1293 2502 turbo
1318 2435 1490 2522 impellens
1503 2442 1535 2492 1⁸-
1548 2459 1609 2493 xxv·
1623 2450 1646 2494 4.

436 2537 595 2623 parietem
619 2544 743 2603 sanctae
763 2538 853 2603 illius
872 2538 1047 2615 societatis,
1063 2537 1312 2624 discindensque
1335 2560 1395 2624 pro
1409 2538 1489 2603 viri-

436 2641 500 2705 bus
519 2662 716 2727 compagem.
764 2641 934 2721 Quantum
957 2641 1100 2726 denique
1126 2640 1371 2716 moestitudinis,
1388 2661 1491 2726 quan·

438 2750 575 2830 tumque
599 2744 702 2820 taedii,
735 2766 863 2808 sacrum
893 2743 983 2808 istud
1010 2748 1132 2829 pectus,
1165 2742 1201 2806 in
1231 2743 1377 2808 fratema
1406 2765 1491 2808 com-

437 2847 587 2933 passione
611 2851 645 2911 et
673 2868 751 2911 vera
781 2846 904 2932 pietate
930 2845 1155 2920 teneriimum
1188 2844 1406 2931 occupaverit,
1432 2867 1492 2930 pro

437 2948 569 3013 illorum
593 2969 706 3012 amara
729 2947 961 3025 obstinatione,
984 2970 1045 3013 nec
1074 2948 1144 3034 ipse
1176 2947 1232 3033 qui
1262 2946 1324 3012 hoo
1353 2947 1493 3033 pertulit

438 3050 515 3114 ullis
540 3051 660 3136 potuit,
684 3056 723 3114 ut
746 3050 866 3137 saepius
887 3050 1065 3130 fatebatur,
1089 3050 1199 3116 verbis
1222 3050 1393 3116 declarare.

484 3153 636 3218 Vidimus
656 3160 767 3218 autem
792 3157 907 3239 postea
929 3154 1017 3218 hunc
1041 3153 1149 3240 ipsum
1164 3153 1401 3231 Alexandrum,
1419 3151 1491 3239 jam

439 3255 687 3321 Cluniacensem
701 3255 907 3331 monachum,
924 3255 1022 3320 rebus
1037 3254 1280 3340 aliquantulum
1296 3254 1360 3320 sibi
1376 3256 1490 3321 ceden-
1546 3278 1576 3322 ar
1592 3272 1615 3322 b.

440 3357 531 3423 tibus
552 3361 667 3421 contra
682 3362 806 3437 votum,
823 3357 1075 3443 permutationis
1098 3379 1167 3422 sure
1191 3357 1399 3443 poenitudine
1415 3358 1492 3422 due·
1506 3363 1655 3442 Alexander

440 3466 522 3536 tum,
537 3457 692 3544 Hugonis
715 3464 795 3524 tuno
817 3458 960 3547 episcopi
983 3459 1191 3524 ambitiosius
1213 3460 1354 3545 gratiam
1378 3431 1640 3547 impla-lellussfftss,⁰

440 3585 535 3642 rare3
568 3561 663 3625 nobis
694 3562 794 3626 etiam
827 3583 936 3647 preces
962 3562 1165 3650 ingeminare
1189 3563 1398 3649 multiplices,
1420 3584 1494 3649 quo,
1506 3562 1629 3642 tristam,

441 3664 634 3729 interventu
668 3669 791 3740 nostro,
822 3664 967 3729 reditum
998 3670 1180 3730 mereretur
1211 3666 1254 3729 ad
1277 3665 1356 3743 veri,
1381 3671 1421 3730 ut
1443 3630 1612 3747 namq

441 3766 577 3843 serebat,
594 3765 737 3852 paradisi
761 3765 894 3831 incaute
916 3767 1078 3852 perditam
1100 3767 1314 3833 mansionem.
1361 3766 1493 3846 Verum,

442 3869 528 3935 sicut
559 3890 617 3956 per
639 3867 835 3955 Apostolum
870 3869 995 3934 dictum
1029 3875 1079 3935 est
1111 3871 1153 3935 de
1176 3869 1273 3946 Esau,
1308 3871 1413 3936 “Non
1443 3871 1495 3936 in-
1509 3882 1632 3934 Henxit.

445 3979 462 4006 “
484 3972 577 4036 venit
599 3971 805 4056 poenitentiae
827 3970 942 4048 locum,
958 3993 1148 4057 quanquam
1171 3995 1246 4037 oum
1269 3971 1423 4058 lacrymis
1445 3974 1495 4038 in·
1511 3953 1549 4001 ¹⁷·

443 4082 463 4108 “
485 4073 636 4159 quisierit
658 4073 758 4138 eam.’'
806 4074 948 4140 Obstitit
975 4074 1063 4139 enim
1088 4096 1155 4140 non
1178 4075 1284 4140 solum
1307 4082 1495 4142 memoratae

443 4174 666 4262 improbitatis
697 4198 765 4241 suae
797 4176 832 4240 in
864 4182 1031 4263 postemm
1055 4198 1184 4263 quoque
1206 4183 1359 4264 suscepta
1388 4183 1494 4245 trans·

443 4280 575 4366 gressio,
590 4301 705 4345 verum
728 4279 830 4346 etiam
853 4281 1024 4368 paesentis
1047 4281 1288 4367 inquietudinis
1310 4304 1379 4349 suae
1401 4289 1495 4349 nota·

444 4380 523 4448 bilis
544 4382 675 4448 occasio.
730 4383 901 4449 Translata
924 4383 1012 4449 enim
1035 4383 1078 4449 ad
1101 4384 1248 4472 regimen
1273 4384 1497 4452 cluniacensis

447 4620 723 4631 ——1-—--—-—

483 4795 489 4825 ¹
502 4790 655 4860 salubriora]
675 4795 710 4845 So
723 4793 753 4845 Β.
766 4814 772 4854 ;
790 4794 866 4861 longe
884 4794 950 4846 salu·
1029 4788 1039 4816 ³
1054 4785 1194 4855 mnddft]
1214 4788 1248 4840 So
1259 4789 1291 4839 B·
1304 4789 1354 4840 and
1365 4789 1394 4841 C·
1407 4808 1413 4848 t
1426 4802 1498 4839 Μ·

447 4883 539 4950 ffim'
555 4887 585 4939 α
995 4866 1090 4928 datum,
1103 4868 1163 4918 Pez.

1031 4946 1210 5012 ‘exagitabant
1221 4984 1227 4998 .
1239 4983 1245 4996 .
1258 4983 1264 4997 .
1274 4944 1399 5011 procella]
1419 4945 1455 4996 So
1465 4945 1498 4997 Β.

482 5011 603 5080 ’(Ψῦῦῑ]
623 5013 706 5065 5⁰13·
726 5016 777 5065 ⁸¹²⁶
797 5015 845 5077 C.;
863 5027 952 5080 ”8⁰⁶⁰
996 5027 1047 5076 aad
1065 5026 1143 5087 Pea.;
1164 5026 1309 5092 exagitabat
1328 5032 1494 5090 temptatum

449 5109 502 5170 bat,
513 5106 574 5157 Pez.
995 5105 1114 5171 procella,
1126 5107 1154 5158 C.
