4125 6334
601 1139 666 1202 230
827 1150 910 1200 vrrs
933 1153 957 1199 s
982 1150 1139 1199 uueosrs
1161 1148 1431 1198 niueonmsusrs

601 1328 764 1414 parochiae
804 1329 846 1392 ob
885 1328 1029 1392 inediam
1070 1328 1246 1413 neglectus,
1281 1348 1319 1391 eo
1350 1327 1421 1391 loco
1455 1326 1662 1412 sepulturam

601 1433 735 1516 accepit,
767 1431 845 1495 dum
876 1454 896 1493 a
936 1453 1000 1515 quo
1040 1435 1231 1516 portaretur
1262 1429 1305 1492 ad
1335 1432 1559 1494 coemeterium
1591 1451 1661 1494 non

601 1534 762 1597 halurerit.
811 1533 883 1611 Quo
914 1524 967 1596 vir
996 1532 1162 1617 piissimus
1196 1532 1311 1595 audito
1345 1531 1445 1595 altius
1479 1532 1661 1617 ingemuit3

437 1648 514 1712 Hugh
527 1665 581 1712 per-
603 1659 746 1722 moxque
778 1637 813 1699 in
847 1635 944 1721 pedes
974 1634 1016 1699 ab
1048 1657 1130 1720 equo
1163 1634 1367 1709 descendens,
1400 1640 1531 1719 accepto
1558 1657 1659 1719 quem

433 1716 572 1832 ξῖοᾞὲξξξ
604 1742 669 1805 fere
684 1761 811 1825 semper
826 1761 933 1803 secum
950 1739 1094 1802 habebat
1109 1738 1226 1812 codice,
1243 1739 1407 1801 orationes
1422 1760 1496 1802 cum
1512 1738 1659 1824 psalmis,

435 1848 476 1896 his
487 1865 573 1912 grave.
604 1866 685 1928 quos
708 1844 836 1907 recitari
863 1864 942 1905 usus
965 1842 1113 1906 instituit
1135 1841 1321 1926 sepulturae,
1338 1842 1515 1927 diligenter
1537 1863 1598 1927 pro
1622 1863 1661 1906 eo

433 1956 591 2005 Anddireca
603 1969 640 2009 ac
663 1947 781 2010 devote
797 1946 965 2031 percurrit
1013 1945 1130 2009 Postea
1145 1967 1221 2007 vero
1244 1944 1393 2029 episcopo
1416 1944 1476 2007 loci
1493 1946 1661 2009 attentius

435 2023 579 2140 {ffnaffie
603 2046 786 2134 suggessit,¹
819 2049 976 2132 quatinus
1008 2048 1043 2109 in
1069 2047 1268 2111 sacerdotem
1301 2047 1394 2110 illum
1433 2048 1548 2111 durius
1587 2047 1662 2110 ani-

435 2157 563 2236 biahopro
602 2152 843 2229 rnalverteret3
887 2150 944 2234 qui
982 2149 1108 2213 homini
1150 2150 1348 2222 Christiano,
1395 2156 1528 2236 propter
1565 2149 1660 2214 illius

434 2223 571 2353 ffllffh
603 2254 756 2339 inopiam,
778 2253 981 2338 sepulturam
1004 2257 1183 2337 negaverat
1200 2253 1431 2316 Christianam.

433 2358 538 2422 neglect.
647 2355 801 2419 Vidimus
817 2354 881 2418 alio
906 2362 1059 2439 tempore,
1075 2376 1149 2419 cum
1168 2356 1257 2440 apud
1288 2355 1496 2431 Lincolniam,
1511 2354 1548 2417 in
1571 2377 1663 2418 cras-

435 2465 549 2515 Doew.
603 2459 674 2522 tino
698 2457 830 2521 Natalis
861 2458 1004 2532 Domini,
1037 2458 1078 2520 dc
1101 2457 1240 2542 glorioso
1266 2457 1389 2521 Christi
1415 2463 1663 2543 protomartyre

434 2571 575 2635 lirenates
603 2562 769 2647 Stephano
793 2560 924 2623 missam
948 2560 1160 2623 devotissime
1184 2559 1386 2636 celebrasset,
1413 2566 1452 2623 ut
1481 2573 1662 2646 rogaretur

432 2638 590 2769 {ssgffln'
604 2689 624 2727 a
640 2664 782 2749 quodam
799 2664 1020 2732 coementario,
1037 2662 1094 2745 qui
1110 2662 1146 2724 in
1161 2660 1284 2725 fabrica
1300 2661 1440 2727 ecelesiis
1462 2662 1661 2742 desudabat,

434 2773 511 2850 attha
603 2769 759 2852 quatinus
785 2767 895 2829 fratris
930 2767 980 2829 sui
1012 2765 1165 2838 animam,
1196 2769 1291 2827 nocte
1325 2765 1522 2850 praecedenti
1558 2766 1662 2830 rebus

433 2839 590 2966 fgffiffl
603 2870 754 2933 humanis
793 2874 989 2953 exemptam,
1022 2866 1219 2931 alletoritate
1254 2867 1435 2952 pontificali
1465 2890 1485 2930 a
1516 2870 1664 2953 pecccatis

433 2981 460 3050 φ
471 2974 571 3024 absolve
601 2972 793 3046 absolveret,
811 2971 1019 3054 Dominoque
1043 2970 1218 3033 devotione
1234 2970 1390 3053 peculiari
1405 2972 1661 3037 commendaret.

434 3040 527 3156 iffi
603 3074 699 3152 Quod
736 3074 851 3137 statim
882 3072 1074 3158 adimplens,
1107 3072 1273 3157 inquirere
1304 3074 1404 3159 eoepit
1440 3078 1555 3138 utrum
1586 3075 1662 3159 ejus

434 3175 544 3224 brother.
602 3176 708 3240 adhue
739 3175 966 3260 corpusculum
997 3176 1170 3239 humatum
1195 3174 1319 3240 fuisset.
1366 3174 1462 3255 Quod
1494 3177 1529 3240 iu
1553 3199 1663 3243 remo-

493 3256 531 3304 72.
603 3279 680 3343 tiori
703 3278 838 3342 ecclesia
859 3279 1000 3342 necdum
1031 3279 1197 3363 sepultum
1227 3279 1364 3342 audiens
1397 3280 1530 3355 servari,
1556 3280 1664 3363 jussit

602 3404 680 3445 mox
702 3403 808 3444 unum
838 3380 909 3457 sihi,
942 3381 1043 3444 alium
1067 3403 1125 3445 suo
1156 3381 1330 3466 capellano,
1361 3382 1500 3445 tertium
1533 3382 1663 3449 famulo

601 3485 658 3568 qui
689 3490 765 3547 ante
797 3505 872 3547 eum
904 3482 1053 3567 equitare
1084 3488 1306 3558 corisueverat
1338 3483 1498 3548 caballum
1528 3484 1662 3551 adduci.

602 3586 802 3649 Decreverat
827 3586 915 3647 enim
939 3607 1012 3648 cum
1029 3586 1080 3648 liis
1104 3590 1237 3648 tautum
1263 3586 1370 3649 trihus
1393 3587 1436 3649 ad
1457 3586 1558 3650 funus
1582 3611 1663 3673 pro

601 3688 720 3750 cedere.
768 3686 832 3750 Sed
864 3708 937 3750 eum
970 3687 1128 3751 defuisset
1158 3710 1262 3774 equus
1293 3689 1468 3774 capellano,
1492 3690 1661 3755 caballum

601 3788 775 3853 servientis
798 3812 873 3853 eum
897 3791 1052 3876 praecepit
1068 3792 1291 3868 conscendere,
1315 3798 1349 3855 et
1370 3791 1464 3855 illum
1479 3794 1662 3877 praeeundo

435 3898 558 3956 (mesal-
602 3892 645 3955 ad
676 3892 879 3956 destinatum
911 3894 1015 3957 locum
1053 3894 1258 3978 quamtocius
1288 3916 1467 3980 properare.
1537 3894 1662 3982 Sicque

434 3973 589 4090 ‘a'llffiffito
602 3995 730 4060 duobus
753 4001 889 4061 tantum
919 4003 1096 4062 contentus
1127 3997 1228 4082 cquis,
1260 4019 1326 4061 uno
1357 3997 1561 4063 solummodo
1587 4021 1661 4064 rno-

434 4100 499 4163 bury
512 4100 553 4148 thr·
602 4100 706 4165 nacho
729 4105 763 4164 et
786 4100 914 4165 duobus
946 4101 1055 4187 pueris
1078 4101 1262 4178 comitatus,
1294 4102 1446 4186 pervenit
1475 4101 1517 4165 ad
1540 4124 1662 4188 corpus

434 4181 528 4229 θῆκ’
603 4203 756 4268 defuncti.
810 4203 882 4283 Quo
914 4209 1011 4269 terrae
1043 4204 1159 4268 matris
1190 4203 1314 4289 gremio
1344 4209 1483 4290 paterna
1512 4205 1664 4271 solicitu-

434 4314 582 4364 Buriesfive
603 4306 679 4370 dine
716 4307 952 4382 commendato,
984 4307 1129 4392 quinque
1160 4306 1312 4392 deinceps
1342 4306 1415 4392 ipsa
1445 4307 1507 4383 die,
1538 4307 1566 4371 si
1597 4331 1662 4376 nos

435 4383 535 4514 {2¹¹3}ae
548 4449 590 4499 the
603 4408 760 4472 memoria
783 4431 851 4473 non
882 4409 977 4487 fallit,
1010 4410 1046 4473 in
1081 4409 1218 4474 diversis
1248 4410 1427 4474 successive
1462 4414 1663 4478 coemeteriis

434 4519 571 4582 rameday.
602 4511 755 4598 sepelivit
779 4510 902 4587 limera,
927 4534 985 4598 per
1011 4513 1158 4598 ipsorum
1184 4512 1248 4575 sihi
1272 4512 1392 4576 amicos
1419 4512 1598 4599 designata

435 4625 544 4690 'rhough
649 4614 733 4680 Cum
757 4636 835 4679 vcro
857 4615 929 4699 jam
953 4637 988 4679 se
1010 4615 1091 4679 hora
1121 4614 1247 4679 tardior
1270 4615 1486 4700 protraheret,
1514 4616 1662 4701 ipsoque,

434 4694 555 4809 affice,
603 4740 676 4783 cum
697 4718 775 4781 cleri
799 4723 891 4802 parto
916 4739 984 4781 non
1006 4718 1143 4794 modica,
1167 4718 1209 4781 ab
1232 4718 1458 4782 archidiacono
1482 4717 1665 4785 Bedeford·

433 4826 503 4890 large
511 4833 584 4891 party
601 4821 672 4885 ensi
710 4821 873 4885 invitatus
918 4820 960 4883 acl
998 4820 1111 4906 epulas
1149 4821 1304 4897 solennes,
1346 4820 1459 4884 venire
1498 4819 1660 4901 differret,

435 4893 566 4958 olclergy,
892 4923 898 4937 .
1059 4924 1066 4937 ,
1111 4924 1117 4937 ,
1366 4924 1372 4937 ,
1419 4924 1426 4937 ,

433 4931 737 5011 ,omlemnrogatur
760 4947 780 4988 a
803 4922 925 5001 multis,
941 4928 975 4986 et
998 4924 1041 4988 ab
1057 4946 1136 5009 ipsis
1159 4924 1294 4988 tandem
1318 4946 1375 5009 qur
1399 4946 1429 4987 er
1452 4944 1548 4987 suum
1572 4947 1663 4991 mor.

604 5063 722 5070 —..
741 5064 768 5069 --
784 5065 846 5069 ..-..
931 5065 1061 5069 .-—.
1082 5065 1170 5071 ..-..-.
1222 5067 1260 5070 --
1277 5065 1350 5070 ....-
1422 5064 1460 5069 ---
1484 5064 1662 5076 ——-„

820 5122 826 5151 ¹
840 5122 971 5187 supparo]
993 5124 1025 5172 So
1037 5122 1093 5173 MS.
1107 5124 1220 5182 ;orand0
1228 5121 1361 5187 suggessit,
1373 5121 1432 5171 Pez.
