4125 6334
597 1140 663 1203 358
820 1151 904 1201 vrrs
926 1154 952 1203 a
975 1153 1131 1203 auocare
1152 1151 1422 1201 imcommrsrs

429 1334 533 1399 Hugh’s
599 1334 802 1396 monstratur
839 1336 874 1397 et
909 1330 1020 1416 Hugo,
1055 1350 1113 1415 per
1141 1330 1232 1394 viam
1261 1328 1398 1416 speciosi
1434 1325 1590 1391 tramitis
1625 1327 1659 1389 et

430 1403 569 1528 ffiffiw
598 1433 702 1510 ardui,
725 1432 769 1497 ad
792 1433 901 1519 regale
924 1431 1115 1497 convivium
1138 1452 1318 1517 properare.
1364 1428 1432 1510 Qui
1455 1450 1535 1493 cum
1559 1425 1657 1491 mira

431 1535 585 1585 nemean
598 1542 689 1601 retur
711 1535 747 1597 in
770 1534 902 1614 somnis,
919 1555 1056 1597 cumam
1077 1539 1192 1598 tantus
1215 1531 1366 1619 pontifex
1389 1534 1507 1597 contra
1531 1549 1656 1595 morem

431 1601 577 1731 ffiffi„
598 1636 681 1702 illud
703 1637 792 1701 solus
821 1641 856 1701 et
888 1636 1103 1701 incomitatus
1134 1636 1242 1713 iniret,
1269 1634 1356 1700 vidit
1381 1636 1522 1720 repente
1551 1652 1655 1695 unum

432 1736 549 1785 aeream.
600 1761 643 1804 ex
672 1738 848 1824 capellanis
873 1739 985 1824 ipsius,
1016 1737 1150 1803 nomine
1183 1735 1376 1813 Robertum,
1406 1732 1653 1821 aliquantulum

598 1840 757 1906 remotius
779 1841 920 1927 vestigia
942 1841 1013 1925 ejus
1034 1840 1297 1925 subsequentem.
1343 1838 1438 1904 Idem
1461 1842 1581 1903 autem
1595 1835 1654 1911 vir,

600 1944 653 2009 cui
669 1948 800 2008 ostensa
821 1950 901 2008 sunt
916 1944 994 2020 haec,
1017 1942 1124 2007 tribus
1140 1942 1242 2008 ferme
1265 1941 1379 2007 diebus
1402 1964 1424 2007 a
1444 1941 1517 2006 loco
1532 1939 1653 2014 aber-at,

599 2047 689 2112 unde
719 2047 888 2132 episcopus
919 2047 962 2110 ad
992 2066 1115 2111 mensae
1146 2044 1288 2110 coelestis
1317 2043 1511 2109 convivium
1534 2040 1654 2107 meruit

433 2158 571 2207 Robetee
600 2149 755 2214 accersiri
814 2147 997 2212 Praedictus
1028 2168 1109 2212 vero
1147 2146 1321 2223 Robertns,
1359 2148 1582 2231 cognomento
1612 2143 1651 2207 de

433 2223 542 2355 fiffil}
602 2250 745 2335 Capella,
761 2248 842 2313 satis
857 2252 929 2313 erat
943 2249 1108 2313 mansueti
1129 2249 1276 2332 lenisque
1298 2247 1444 2334 ingenii3
1467 2250 1653 2333 praeterque

435 2356 558 2421 chaplain.
601 2354 737 2413 caeteros
759 2367 865 2410 mores
880 2346 1021 2432 optimos
1038 2345 1158 2430 quibus
1181 2346 1342 2430 praeditus
1359 2345 1434 2423 fuit,
1450 2343 1653 2429 quibuslibet

601 2449 731 2514 afflictis
752 2453 824 2513 erat
839 2447 1180 2533 compatientissimus,
1194 2448 1321 2513 crunctis
1335 2468 1415 2513 vero
1429 2448 1467 2511 in
1483 2466 1653 2512 commune

602 2551 742 2616 affabilis
765 2557 799 2615 et
821 2550 986 2637 benignus
998 2574 1006 2629 ;
1040 2550 1149 2615 fuerat
1175 2571 1304 2635 quoque
1329 2550 1366 2613 in
1391 2549 1600 2614 orationibus
1620 2551 1654 2612 et

602 2654 736 2739 psalmis
758 2653 898 2717 devotus
927 2652 1113 2728 admodum,
1144 2652 1351 2736 multumque
1382 2652 1543 2717 assiduus
1591 2648 1653 2715 Hic

602 2778 641 2821 ea
664 2759 862 2840 tempestate
885 2775 950 2838 qua
972 2754 1042 2820 hsec
1065 2758 1158 2841 gesta
1181 2757 1270 2834 sunt,
1297 2753 1479 2820 Lincolniae
1505 2753 1653 2818 moraba-

601 2862 664 2920 tur.
711 2856 777 2935 Qui
800 2860 876 2942 post
897 2854 1023 2920 domini
1046 2855 1097 2920 sui
1120 2862 1154 2920 et
1177 2856 1327 2942 magistri
1343 2855 1500 2941 Hugonis
1514 2853 1655 2941 episcopi

602 2958 777 3033 decessum,
804 2957 912 3021 nescio
940 2962 1043 3041 quota
1072 2956 1134 3036 die,
1165 2957 1232 3023 aori
1261 2956 1352 3022 febre
1383 2962 1563 3044 correptus,
1585 2957 1656 3043 ipsa

602 3059 656 3122 die
671 3080 736 3142 quu
755 3080 870 3143 corpus
893 3058 1060 3144 pontificis
1075 3058 1290 3136 Lincolniam,
1305 3066 1345 3125 ut
1367 3058 1505 3125 inferius
1520 3059 1653 3133 dicetur,

471 3176 516 3218 126
529 3170 552 3217 b.
601 3160 742 3224 intravit
764 3159 888 3224 ibidem
912 3160 1155 3238 tumulandum,
1179 3165 1213 3226 et
1238 3161 1308 3247 ipse
1329 3163 1491 3247 corporeis
1514 3161 1654 3226 nexibus

435 3276 576 3333 llisdeath,
601 3262 788 3327 absolutum
814 3262 970 3348 spiritum
993 3262 1148 3339 reddidit,
1172 3263 1208 3327 in
1233 3262 1385 3329 convivio
1409 3262 1511 3350 Regis
1540 3262 1655 3330 aeterni

434 3343 537 3472 ’ἓξὲξ
600 3365 705 3450 epulis
736 3365 981 3430 immortalibus
1003 3365 1193 3429 fruiturum.
1239 3365 1380 3450 Deque
1409 3369 1444 3430 et
1474 3364 1559 3430 illud
1589 3388 1653 3430 me·

434 3489 572 3553 carptem-
602 3489 742 3531 morasse
768 3468 876 3550 juvat,
903 3469 981 3552 quia
1002 3467 1131 3553 jugiter
1158 3488 1232 3530 cum
1258 3466 1301 3530 ad
1328 3488 1476 3532 mensam
1498 3467 1655 3533 resideret

435 3542 550 3657 ῗζξέοῇξ
603 3569 753 3653 episcopi,
777 3568 946 3652 hospitum
970 3572 1003 3632 et
1026 3570 1229 3632 advenarum
1252 3569 1418 3655 praecipua
1440 3569 1530 3633 illius
1545 3571 1654 3633 animo

603 3692 697 3748 eura,
720 3669 840 3752 quibus
863 3669 974 3745 etiam,
990 3671 1149 3735 remotius
1171 3671 1339 3735 interdum
1361 3671 1653 3748 discumbentibus,

603 3770 725 3834 fereula
748 3770 905 3835 mittebat
931 3776 966 3835 et
992 3772 1081 3849 vina,
1105 3794 1179 3857 quae
1201 3774 1267 3837 illis
1297 3774 1488 3839 credidisset
1514 3775 1578 3839 sibi
1601 3797 1655 3860 ap·

603 3874 719 3958 positis
757 3873 908 3957 gratiora.
965 3874 1070 3959 Super·
1104 3896 1169 3959 quo
1207 3876 1465 3960 elemosynarius
1503 3877 1534 3940 ei
1571 3898 1654 3962 saepe

604 3975 744 4039 infestus
760 3981 840 4051 erat,
857 3976 914 4039 sed
937 3977 1127 4060 frequenter
1149 3976 1361 4062 objurgatum
1385 3999 1556 4063 nunquam
1571 3978 1655 4042 vidit

605 4078 824 4142 emendatum.

466 4210 480 4240 ιι
520 4195 538 4241 's
651 4181 700 4243 De
723 4202 789 4263 quo
812 4200 890 4243 sane
913 4179 1160 4264 elemosynario,
1177 4181 1256 4265 quia
1278 4203 1311 4246 se
1327 4182 1452 4246 mentio
1476 4187 1656 4268 opportuno

439 4275 562 4386 borinas,
606 4286 645 4343 ut
665 4282 827 4345 credimus
851 4281 981 4364 objecit,
997 4303 1067 4345 rem
1092 4281 1252 4346 oblivioni
1277 4304 1344 4346 non
1368 4284 1565 4348 tradendam
1588 4285 1657 4348 bre-

440 4393 592 4458 aTemplar.
605 4383 692 4446 viter
729 4384 859 4467 paginae
898 4389 1019 4447 nostrae
1050 4383 1206 4447 duximus
1237 4385 1451 4449 inserendam.
1508 4385 1655 4450 Functus

606 4490 657 4547 est
672 4483 758 4548 idem
775 4486 827 4548 vir
842 4483 946 4548 officio
970 4485 1200 4570 elemosynarii
1223 4486 1258 4548 in
1281 4487 1377 4551 domo
1400 4486 1552 4572 episcopi,
1568 4488 1654 4553 omni

606 4591 753 4671 tempora
777 4586 819 4648 ab
850 4586 985 4650 exordio
1015 4586 1230 4670 pontificatus
1260 4587 1321 4666 sui,
1345 4610 1449 4674 usque
1481 4590 1524 4653 ad
1554 4610 1654 4654 unum

607 4689 703 4753 semis
719 4709 843 4752 annum
858 4693 937 4750 ante
960 4688 1110 4771 praesulis
1133 4709 1306 4753 excessum.
1347 4690 1389 4753 In
1406 4712 1471 4775 quo
1487 4695 1655 4755 strenuum

607 4792 687 4855 satis
714 4789 937 4876 indigentium
962 4810 995 4852 se
1018 4795 1263 4874 procuratorem
1287 4792 1453 4873 ostendit3
1480 4794 1656 4879 prudenter

608 4895 726 4977 quibus
762 4897 925 4979 quantum
957 4894 1157 4976 erogandum
1190 4899 1274 4958 esset
1304 4896 1520 4980 perpendens
1555 4895 1654 4961 fideli-

609 5000 723 5081 terque
754 5002 788 5061 et
819 4997 936 5060 devote
964 4997 1052 5080 quod
1083 4999 1307 5083 perpendisset
1336 4999 1536 5083 impendens.
1593 4997 1653 5076 Qui
