4125 6334
599 1122 643 1186 34
823 1131 906 1180 vrrs
928 1131 953 1180 s.
977 1129 1133 1179 euocare
1156 1125 1426 1192 nrnconumnms.

435 1316 556 1379 Thelay-
601 1304 801 1370 deformatas
822 1305 929 1390 legere
954 1301 1156 1381 nesciebant,
1180 1299 1240 1365 vix
1270 1298 1448 1364 haberetur
1469 1295 1553 1362 fides
1574 1295 1656 1361 rese-

436 1383 566 1499 ffiffio
603 1408 700 1485 renti,
722 1405 750 1471 si
772 1403 914 1492 publicis
935 1405 1100 1471 niteretur
1121 1403 1257 1468 auribus
1288 1401 1417 1468 tradere
1439 1421 1539 1487 quam
1561 1402 1658 1465 acute

436 1516 505 1564 Μὰ·
604 1516 640 1576 et
661 1510 725 1597 ipsi
754 1529 885 1574 sensum
915 1508 1091 1594 capiebant
1120 1505 1309 1584 lectionum,
1337 1525 1436 1591 quem
1465 1502 1599 1589 ignitas,
1622 1507 1659 1567 et

604 1613 727 1678 clericis
749 1613 850 1677 etiem
879 1611 1020 1696 ignotas,
1045 1608 1226 1697 spiritualis
1256 1607 1335 1673 inde
1365 1606 1480 1673 elicere
1510 1605 1660 1671 sciebant

603 1715 835 1802 intelligentiae
858 1711 1026 1778 scintillas

649 1816 746 1883 Sicut
774 1821 809 1881 et
838 1815 960 1881 nobilis
999 1814 1056 1878 ille
1086 1812 1257 1891 (lirardus
1281 1833 1387 1878 comes
1426 1810 1505 1877 olim
1537 1809 1660 1874 Niver·

604 1918 778 1985 nensium¹
808 1938 1015 2006 permagnus,
1038 1920 1120 1981 tunc
1142 1935 1320 1981 conversus
1342 1913 1501 1979 minimus
1523 1916 1563 1978 ut
1588 1912 1660 1999 ipse

604 2023 782 2108 reputabat
811 2019 1085 2097 Oartusiensium,
1107 2040 1182 2083 cum
1213 2017 1399 2104 aliquando,
1424 2036 1462 2082 eo
1487 2018 1660 2103 prasente,

604 2124 847 2190 conferentibus
885 2121 1084 2208 quibusdam
1121 2120 1251 2207 magnis
1288 2120 1370 2185 viris
1401 2119 1442 2185 de
1477 2118 1661 2196 Salomone,

605 2230 719 2291 utrum
741 2229 908 2290 constaret
930 2224 1009 2309 quia
1030 2223 1172 2288 salutem
1200 2242 1275 2287 curn
1297 2222 1421 2288 sanctis
1442 2225 1529 2287 esset
1551 2241 1662 2286 conse-

605 2334 710 2404 cutus,
732 2345 807 2392 eum
838 2331 873 2391 et
902 2325 958 2390 ille
988 2326 1069 2413 quid
1100 2326 1163 2390 sibi
1193 2326 1364 2391 videretur
1392 2323 1536 2412 proferre
1564 2345 1661 2412 roga-

605 2434 707 2507 retur,
729 2429 780 2494 ita
801 2426 905 2494 sane⁹
927 2427 1025 2493 infit:
1058 2426 1222 2505 “Nemo'’
1251 2428 1414 2514 inquiens,
1438 2427 1596 2492 “dubitet
1619 2425 1662 2492 de

607 2537 625 2567 “
648 2531 756 2595 salute
794 2530 871 2616 ejus.
919 2528 1003 2595 Cum
1042 2530 1131 2593 enim
1166 2529 1331 2595 Dominus
1368 2530 1467 2595 Jesus
1501 2527 1662 2604 Christus,

606 2632 812 2696 “infernum
841 2631 1051 2717 spolieturus,
1076 2637 1204 2718 petrem
1227 2653 1324 2698 suum
1349 2631 1462 2697 David
1484 2630 1662 2697 honorabi-

606 2741 626 2770 “
649 2735 727 2800 liter
763 2733 924 2819 occiperet
965 2756 1084 2812 secum,
1123 2757 1190 2799 non
1228 2735 1367 2800 dubium
1405 2735 1488 2821 quin
1526 2733 1583 2800 et⁸
1620 2732 1663 2798 de

607 2846 625 2871 “
649 2837 823 2902 Salomone
845 2837 948 2903 fratre
974 2858 1169 2902 succuram
1199 2838 1361 2916 habuerit,
1384 2838 1443 2923 qui
1472 2841 1569 2902 tanta
1590 2837 1662 2922 ejus

607 2946 625 2973 “
647 2940 811 3024 praeconia
842 2938 968 3004 cecinit.
1015 2938 1104 3003 Nam
1142 2944 1178 3004 ct
1214 2946 1311 3025 peter
1342 2941 1514 3025 utriusque
1550 2938 1662 3003 David

608 3039 771 3104 “diceret
801 3039 918 3125 utique
948 3040 978 3103 ei
990 3064 999 3120 ;
1031 3039 1173 3106 Domine
1195 3041 1252 3120 fili,
1277 3042 1365 3107 hunc
1395 3041 1495 3108 telem
1525 3040 1664 3105 fratrem

608 3145 625 3175 “
649 3146 747 3205 tuum
769 3162 811 3206 ne
833 3141 1009 3227 relinques,
1033 3143 1090 3207 sed
1113 3148 1231 3222 tecum,
1255 3149 1295 3209 ut
1317 3144 1418 3222 decet,
1441 3142 1614 3209 assumes.’'

653 3243 725 3308 Nec
758 3244 889 3310 dicebet
920 3244 987 3310 ista
1018 3246 1071 3309 vir
1104 3246 1281 3332 piissimus,
1313 3248 1392 3333 quia
1424 3239 1590 3312 demnatis
1627 3246 1662 3311 in

607 3346 759 3431 gehenne
782 3347 929 3414 crederet
951 3369 1010 3434 per
1030 3353 1219 3414 sanctorum
1249 3349 1473 3435 quorumlibet
1494 3349 1664 3414 interven-

608 3454 681 3513 tum
716 3450 934 3515 absolutionis
963 3450 1159 3517 beneficium
1190 3451 1374 3538 provenire,
1407 3452 1492 3517 sicut
1523 3451 1664 3518 haereses

609 3553 762 3637 queedam
785 3551 956 3616 delirando
987 3555 1176 3620 somniant:
1211 3555 1320 3632 immo,
1345 3555 1474 3642 plenius
1497 3575 1518 3618 a
1539 3554 1665 3619 sanctis

609 3652 691 3716 viris
713 3652 783 3736 ejus
805 3653 998 3737 quaestionis
1030 3656 1194 3722 solutione
1223 3657 1416 3735 instructus,
1440 3656 1567 3722 veracis
1589 3677 1664 3722 sen-

610 3753 726 3818 tentiee
758 3756 920 3820 rationem
954 3757 1016 3821 tali
1049 3759 1251 3841 urbanitate,
1284 3766 1324 3825 ut
1356 3766 1428 3825 erat
1459 3782 1517 3847 per
1551 3758 1664 3824 omnia

444 3872 494 3921 Yet
504 3872 570 3922 their
608 3856 859 3937 illustrissimus,
874 3858 1092 3925 condiendam
1115 3862 1257 3948 putavit.
1305 3863 1360 3928 Sic
1377 3864 1465 3927 enim
1488 3863 1665 3947 utriusque

443 3944 591 4071 ffiedge
609 3958 822 4027 instrumenti
844 3960 999 4027 historias
1022 3969 1057 4029 et
1079 3965 1218 4030 moralia
1240 3970 1405 4053 praecepta
1421 3964 1521 4053 hujus
1544 3964 1666 4053 pleros-

445 4070 573 4201 hlrllsstllro
609 4083 672 4147 que
696 4063 822 4128 ordinis
845 4085 1017 4130 conversos
1048 4066 1201 4132 didicisse
1231 4070 1393 4147 novimus,
1418 4073 1458 4133 ut
1481 4069 1540 4134 vix
1571 4067 1666 4135 falle·

645 4333 866 4401 ¹Nr'cernenaium]
894 4337 928 4388 So
947 4338 998 4398 B.;
1022 4339 1115 4390 Niver·
1136 4359 1139 4364 ·
1161 4343 1203 4391 the
1221 4343 1379 4399 Chartreusa
1399 4343 1431 4391 he
1454 4346 1547 4391 cannot
1571 4342 1603 4390 be
1623 4341 1669 4392 the

612 4414 706 4470 nensis.
731 4415 778 4474 C.;
807 4419 845 4465 te.
868 4418 900 4467 de
918 4418 1021 4471 Nevers.
1063 4421 1116 4470 But
1160 4436 1251 4485 person
1271 4422 1331 4472 here
1343 4422 1438 4484 spoken
1455 4421 1489 4470 of.
1519 4420 1553 4469 'In
1572 4420 1617 4470 hb.
1630 4419 1668 4471 iv.

612 4493 683 4541 there
705 4492 728 4541 is
746 4509 780 4542 no
797 4497 886 4544 record
908 4496 939 4545 of
956 4512 1007 4562 any
1031 4497 1116 4549 Count
1161 4508 1261 4567 cap.l2‚
1274 4503 1350 4567 infra,
1362 4502 1413 4550 this
1426 4501 1509 4551 Connt
1527 4500 1627 4553 Geraru
1644 4502 1668 4551 is

613 4569 712 4622 Germ-d
729 4573 761 4621 de
783 4573 898 4634 Nevers3
924 4575 1020 4640 though
1044 4577 1115 4629 there
1160 4580 1235 4646 agsin
1252 4580 1406 4640 mentioned,
1418 4581 1467 4630 end
1479 4578 1560 4632 called
1572 4582 1588 4608 ‘¹
1598 4577 1667 4632 Con·

537 4659 542 4670 ·
614 4665 664 4700 πε
682 4666 698 4699 a
715 4667 777 4715 very
789 4653 886 4702 fumone
907 4653 1114 4706 GountWilliam
1162 4664 1177 4688 “
1190 4660 1229 4710 sul
1249 4660 1480 4718 Niversiensium,''
1503 4661 1540 4709 ic.
1559 4661 1593 4711 du
1621 4659 1670 4709 Ni-

613 4729 1113 4791 deNevers,whobeeumesCarthusien
1161 4740 1270 4790 vernois.

612 4810 691 4858 monh
711 4810 738 4857 in
762 4813 833 4871 1147,
852 4813 902 4860 and
913 4811 971 4863 died
987 4813 1030 4863 the
1053 4824 1116 4866 next
1195 4819 1252 4867 ’r'tc
1260 4819 1333 4884 sane]
1354 4817 1389 4869 So
1401 4819 1446 4879 (λς
1466 4817 1503 4869 ite
1514 4817 1606 4879 lacere,
1618 4818 1651 4870 B.

612 4903 680 4954 year.
715 4887 823 4947 Aethra
836 4891 960 4954 however,
971 4903 1039 4944 must
1050 4896 1114 4946 have
1195 4898 1252 4963 ⁸et]
1271 4898 1366 4959 InB.;
1384 4896 1466 4948 notin
1479 4897 1509 4951 O.

613 4970 675 5018 been
704 4985 777 5034 years
798 4971 883 5021 before
909 4972 988 5039 Hugh
1011 4977 1114 5025 entered
1137 5003 1140 5025 ι
