4125 6334
797 1129 900 1179 arsen
922 1130 954 1190 V,
978 1130 1050 1179 cra
1067 1131 1139 1180 avr.
1417 1119 1481 1182 335

434 1302 581 1367 eveniret
616 1301 886 1369 ministrantibus
923 1304 1100 1391 indignari,
1138 1323 1279 1390 purgare
1317 1304 1483 1367 festinans

434 1403 588 1470 Orationi
610 1428 702 1471 mens
725 1407 796 1492 ejus
825 1428 953 1493 semper
981 1406 1185 1472 intendebat.
1231 1405 1393 1470 Divinum
1417 1405 1485 1470 offi·
1498 1403 1646 1522 ὶξξῑέῑῗὴὲοῑ

433 1506 519 1570 cium
543 1513 684 1595 utroque
706 1514 864 1596 tempore,
879 1510 986 1575 noctis
1007 1509 1163 1575 videlicet
1185 1513 1220 1573 et
1243 1508 1317 1588 diei,
1341 1508 1486 1574 studiose
1499 1538 1660 1588 uivineoffice

432 1609 569 1676 curabat
603 1611 693 1677 horis
727 1613 865 1679 statutis
901 1612 1091 1693 exsolvere3
1130 1633 1221 1697 quas,
1255 1632 1315 1676 nec
1352 1616 1486 1697 propter·
1499 1605 1613 1735 3¹33?ss

432 1714 648 1779 accessionem
681 1718 783 1786 aestus
821 1713 957 1795 febrilis,
992 1719 1052 1779 aut
1089 1714 1258 1800 praeterire
1297 1714 1486 1800 patiebatur
1499 1740 1555 1803 day.

433 1822 492 1880 aut
516 1817 706 1902 praevenire.
753 1816 923 1882 Psallebat
953 1821 988 1883 et
1016 1818 1095 1903 ipse,
1126 1838 1201 1881 cum
1223 1816 1312 1882 vires
1334 1822 1486 1903 suppeto·
1499 1823 1615 1902 {liupolt

432 1918 524 1994 bant,
565 1942 640 1983 eum
683 1919 908 2005 psallentibus.
964 1920 1124 2006 Negleate
1170 1940 1229 1983 seu
1271 1926 1486 2006 properanter
1495 1906 1653 2014 {flfflff,}2,

431 2020 579 2107 legentes
609 2027 669 2087 aut
699 2022 876 2108 psallentes
906 2022 1048 2087 terribili
1078 2044 1156 2088 mox
1186 2043 1266 2086 voce
1288 2027 1348 2087 aut
1372 2023 1485 2087 sonitu
1499 2025 1669 2102 anuavereq

432 2124 626 2210 castigabat,
672 2125 856 2211 Utriusque
879 2126 927 2189 rei
958 2147 1088 2189 summa
1110 2126 1140 2189 ei
1163 2146 1241 2190 cura
1263 2130 1336 2191 toto
1359 2148 1486 2213 semper
1498 2090 1640 2221 {232¹}OE

431 2248 504 2291 aevo
526 2227 724 2312 praecedenti
755 2227 829 2307 fuit,
852 2231 892 2292 ut
924 2224 1105 2291 distincte¹
1138 2232 1172 2291 et
1203 2227 1316 2293 debito
1338 2234 1486 2316 tempore
1499 2224 1654 2304 hauteinthe

433 2328 580 2394 Creatori
603 2330 803 2416 persolveret
822 2330 937 2395 laudes
963 2329 1170 2396 constitutas.
1217 2329 1485 2398 vicissitudinem
1499 2301 1632 2421 mrnpsltps.

432 2431 545 2496 standi
568 2437 602 2497 et
625 2432 760 2497 sedendi
784 2434 874 2498 inter
895 2432 1112 2519 psallendum,
1127 2433 1289 2517 quamdiu
1311 2434 1428 2512 valuit,
1452 2440 1487 2500 et

431 2534 571 2620 ipsemet
593 2535 800 2612 observabat,
824 2540 859 2599 et
881 2557 957 2599 suos
988 2535 1160 2599 observare
1192 2536 1325 2601 clericos
1347 2537 1487 2622 compel-

430 2636 521 2701 lebat
533 2663 541 2718 ;
564 2643 603 2703 ut
626 2638 705 2702 dum
723 2659 810 2702 unus
832 2637 975 2702 sedendo
999 2636 1143 2722 fatigata
1161 2638 1308 2702 mambra
1329 2638 1484 2714 reficeret,

429 2738 516 2803 alius
538 2739 657 2805 stando
680 2741 803 2805 divinae
826 2745 861 2805 et
883 2739 1039 2825 angelium
1061 2739 1245 2824 praesentiae
1268 2740 1485 2805 reverentiam

431 2841 612 2910 exhiberet.
660 2843 745 2909 Cum
776 2842 907 2929 magnis
937 2842 1113 2907 interesset
1143 2841 1308 2907 nobilium
1342 2864 1485 2908 eonven.
1498 2818 1530 2867 In
1542 2834 1601 2869 eon-

1500 2901 1595 2951 gresscs
1606 2886 1636 2935 of

430 2943 531 3021 tibus,
568 2950 628 3010 aut
673 2946 862 3010 decidendis
899 2953 1053 3031 praeesset
1091 2944 1323 3009 causantium⁹
1361 2945 1485 3022 litibus,
1499 2954 1594 3014 nobles,
1606 2969 1635 3002 or

429 3047 516 3112 sicut
538 3047 612 3112 aliis
642 3049 743 3112 moris
766 3053 816 3113 est
846 3048 889 3112 ad
919 3048 1108 3112 formandas
1140 3047 1405 3113 interlocutorias
1435 3050 1485 3112 in-
1499 3020 1627 3151 {lignagn'

430 3150 562 3215 terdum
584 3151 741 3229 secedere,
758 3151 816 3228 ita,
832 3172 906 3215 cum
929 3150 1102 3236 exigerent
1124 3155 1291 3216 momenta
1309 3155 1583 3238 progressaetudse
1594 3156 1626 3203 ue

431 3254 523 3331 lucis,
558 3254 601 3318 ad
635 3255 799 3319 canendas
833 3251 1045 3318 divertebat³
1083 3253 1179 3317 horas
1218 3260 1397 3321 consuetas.
1444 3255 1485 3318 In
1499 3223 1629 3336 ffiss'ffl,

431 3356 693 3422 dedicationibus
717 3356 935 3436 ecclesiarum,
957 3354 993 3418 in
1020 3354 1297 3421 celebrationibus
1320 3356 1484 3437 ordinum,
1499 3354 1594 3469 {psius
1618 3423 1626 3470 1

431 3480 502 3524 mos
524 3460 556 3523 ei
578 3458 808 3525 indissimilis⁴
831 3461 947 3523 fuerat.
1498 3436 1616 3537 hoellpssua

476 3561 580 3628 Venit
602 3566 715 3627 antem
738 3584 797 3629 rex
820 3562 963 3627 invisere
986 3564 1214 3647 aegrotantem.
1262 3561 1326 3628 Oui
1349 3562 1404 3627 ille
1427 3584 1486 3627 nec
1499 3571 1578 3658 King·

432 3664 557 3730 modice
581 3664 715 3749 quidem
737 3665 830 3730 visus
861 3671 912 3729 est
941 3686 1112 3751 assurgere
1134 3664 1189 3730 vel
1218 3664 1378 3745 assidere3
1409 3687 1485 3730 cum
1499 3639 1596 3755 {3¹35ss

430 3767 569 3832 necdum
592 3767 698 3833 adhuc
720 3767 808 3833 vires
826 3768 857 3832 ei
875 3768 1026 3832 deessent
1048 3767 1092 3831 ad
1114 3766 1294 3832 sedendum
1317 3769 1353 3832 in
1376 3772 1486 3833 stratu
1499 3773 1569 3852 himr
1588 3777 1637 3825 ano

431 3890 500 3949 suo,
522 3891 597 3934 cum
624 3869 785 3935 alimenta
815 3869 1022 3958 percipiebat.
1070 3870 1144 3934 Rex
1176 3870 1207 3935 ei
1241 3841 1632 3973 compatientis-{¹,¹,‘{,⁰1}{‘,³,¹,n

430 3972 512 4036 sime
542 3972 746 4057 loquebatur,
778 3993 945 4059 exponens
975 3972 1005 4035 ei
1036 3972 1250 4057 semetipsum
1281 3976 1315 4036 et
1349 3994 1409 4037 sua
1442 3975 1484 4038 ad

430 4074 673 4161 beneplacitum
695 4074 800 4161 ipsius
824 4075 1062 4161 exequendum.
1109 4073 1171 4139 1110
1197 4079 1319 4152 autem,
1343 4075 1484 4139 exclusis

431 4177 584 4243 omnibus
606 4178 684 4256 suis,
708 4183 787 4243 ante
813 4178 980 4264 jacentem
1007 4177 1134 4241 diutius
1165 4177 1308 4255 sedente,
1332 4182 1366 4242 et
1389 4178 1483 4243 blan-

429 4280 483 4344 dis
504 4281 709 4346 sermonibus
732 4281 839 4346 multa
868 4283 1095 4367 prosequente,
1119 4280 1288 4366 episcopus
1310 4279 1377 4346 fere
1399 4281 1484 4346 nihil

430 4382 593 4449 referebat
615 4383 746 4449 auditis.
793 4383 858 4448 Res
888 4383 1024 4448 tandem
1048 4404 1132 4460 suas,
1156 4386 1191 4446 et
1213 4383 1408 4450 testamenti
1430 4385 1483 4449 sui

430 4491 629 4566 executores,
653 4509 728 4552 cum
751 4490 824 4552 tota
854 4486 978 4573 pariter
1005 4484 1226 4551 Linoolniensi
1253 4488 1388 4552 ccclesia
1410 4509 1483 4573 pro

432 4685 681 4695 ——-·-———.-.
691 4690 739 4696 —.
753 4688 1042 4696 ——..-—---...--.-..
1055 4690 1098 4694 ---
1114 4689 1145 4695 ....
1195 4691 1265 4696 .-.,-.
1283 4691 1389 4697 ...--

466 4808 609 4876 ’ἅιὶσϋποῑι]
638 4811 673 4863 So
695 4812 776 4871 Pez.;
805 4811 933 4870 distincto,
1011 4810 1179 4877 ’diuertebot]
1200 4812 1234 4861 So
1245 4810 1302 4861 MS.
1315 4832 1321 4871 ;
1334 4811 1388 4874 ipse
1401 4810 1483 4860 diver-

429 4890 487 4941 MS.
977 4893 1084 4952 tebatur,
1097 4891 1159 4943 Pez.

462 4970 651 5036 ὀαιιεαηῑὶιιηι]
682 4971 718 5021 So
745 4972 819 5032 MS.;
847 4986 933 5021 causa-
1011 4970 1195 5036 ⁴r'adiccimilic]
1216 4970 1250 5020 So
1266 4970 1343 5030 Ma,
1362 4984 1412 5018 non
1431 4971 1482 5019 dic-

429 5065 495 5110 rum,
508 5050 567 5099 Pcz.
978 5051 1077 5113 similis,
1089 5052 1149 5100 Per.
