4125 6334
580 1122 622 1185 24
803 1126 885 1179 vrrs
907 1129 932 1177 a
957 1125 1113 1175 nuoou1s
1136 1120 1408 1173 nrnoonmnusn.

581 1301 777 1368 attendebat
807 1300 913 1364 carnis
943 1297 1237 1371 mortificationem,
1261 1294 1382 1360 mentis
1412 1293 1636 1370 serenitatem,

581 1404 718 1490 spiritus
739 1401 937 1476 libertatem,
966 1397 1169 1463 bilaritatem
1202 1396 1330 1474 frontis,
1361 1395 1541 1482 puritatem
1570 1416 1637 1459 ser·

583 1505 698 1571 monis.
756 1502 920 1568 Instituta
953 1522 1066 1567 eorum
1089 1499 1312 1575 solitudinem,
1336 1520 1404 1563 non
1426 1496 1638 1584 singularita-

582 1614 659 1683 tem,
675 1604 952 1671 commendabant
964 1628 972 1682 ;
995 1601 1214 1689 segregabant
1228 1600 1423 1679 mansiones,
1438 1599 1495 1665 sed
1508 1604 1638 1665 mentes

583 1708 759 1774 sociabant
815 1705 1052 1790 Unusquisque
1075 1703 1249 1768 habitabat
1270 1724 1388 1780 secum,
1410 1724 1471 1768 nec
1492 1701 1639 1767 habebat

583 1815 643 1875 aut
672 1809 793 1894 agebat
822 1806 969 1893 aliquid¹
1002 1828 1107 1870 suum.
1163 1805 1285 1870 Omnes
1315 1826 1469 1882 seorsum,
1493 1808 1528 1869 et
1549 1824 1636 1869 oom-

583 1911 729 1976 muniter
767 1910 905 1995 quisque
942 1909 1091 1995 degebat.
1153 1906 1308 1972 Seorsum
1345 1906 1502 1972 manebat
1536 1926 1638 1970 unus-

585 2014 730 2098 quisque,
769 2034 811 2077 ne
848 2010 1123 2097 impedimentum
1162 2009 1366 2095 experiretur
1402 2008 1445 2073 ab
1482 2007 1593 2092 aliquo
1608 2005 1638 2086 ;'

584 2113 804 2179 communiter
841 2112 982 2198 degebat
1019 2133 1061 2175 ne
1098 2110 1244 2176 fraterno
1290 2112 1477 2196 privaretur
1513 2108 1639 2174 solatio.

586 2216 669 2280 Haec
695 2220 729 2280 et
754 2212 967 2299 hujusmodi³
991 2217 1109 2277 notata
1138 2212 1271 2289 ibidem,
1297 2234 1334 2277 ac
1365 2211 1527 2298 praecipue
1561 2210 1639 2277 obe·

586 2316 679 2381 diens
712 2321 747 2380 et
778 2312 907 2379 secura⁴
939 2314 1090 2391 munitio,
1115 2336 1190 2400 quae
1212 2314 1336 2380 multos
1367 2336 1454 2400 saepe
1476 2312 1639 2379 solitarios

586 2416 750 2492 destituit,
773 2420 809 2481 et
831 2421 988 2481 extremae
1019 2416 1176 2502 perniciei
1203 2416 1349 2503 exponit,
1374 2414 1513 2502 Hugoni
1534 2414 1641 2501 place-

585 2519 676 2595 bant,
700 2518 878 2603 Hugonem
901 2518 1075 2604 rapiebant
1089 2516 1122 2598 3⁶
1154 2519 1337 2605 ipsumque,
1361 2522 1522 2603 tanquam
1543 2522 1641 2582 extra

585 2643 620 2686 se
642 2625 776 2707 repente
799 2618 975 2697 effectum,⁶
997 2620 1062 2684 sibi
1084 2620 1236 2686 funditus
1258 2618 1482 2684 vindicabant

631 2721 716 2785 Erat
738 2721 773 2784 in
801 2721 859 2784 illo
891 2726 979 2786 coetu
1009 2728 1201 2786 sanctorum
1230 2720 1341 2785 senior
1366 2720 1502 2805 quidam
1527 2718 1642 2807 magni

587 2825 753 2910 quondam
776 2824 813 2887 in
828 2824 936 2888 seculo
957 2824 1110 2901 nominis,
1126 2829 1206 2889 tunc
1229 2844 1359 2909 quoque
1381 2824 1418 2887 in
1439 2826 1552 2888 sancto
1567 2844 1643 2909 pro·

420 2931 500 2995 Hugh
511 2946 568 2994 pra
587 2926 695 3012 posito
710 2924 930 2990 celeberrimae
951 2925 1125 3010 opinionis.
1172 2925 1261 2990 Huic
1274 2925 1376 3012 Hugo
1399 2925 1553 2990 secretius
1568 2946 1643 3011 pec-

419 3005 550 3112 ἓξὲξ,
587 3027 669 3090 toris
692 3026 744 3088 sui
768 3030 868 3089 aestus
882 3025 1051 3110 aperiens,
1072 3047 1131 3090 nec
1156 3030 1227 3091 tam
1251 3026 1423 3092 consilium
1445 3048 1489 3089 en
1511 3025 1643 3106 iaceret,

421 3128 571 3179 eucharim
588 3149 686 3212 quam
709 3146 855 3210 quonam
877 3132 976 3212 pacto
999 3148 1098 3211 quam
1121 3127 1219 3193 citius
1238 3130 1326 3213 quod
1349 3128 1488 3215 optabat
1510 3127 1645 3216 perfice-

420 3195 506 3245 monk.
586 3232 647 3306 ret,
674 3249 748 3292 cum
774 3228 902 3315 gemitu
929 3234 963 3293 et
988 3229 1071 3294 fletu
1095 3230 1138 3294 ab
1165 3251 1203 3294 eo
1229 3231 1408 3315 inquirens,
1430 3230 1528 3316 longe
1550 3229 1643 3297 aliud

587 3352 686 3416 quam
717 3330 872 3417 sperabat
902 3352 1094 3418 responsum
1125 3333 1258 3418 accepit
1320 3332 1462 3398 Intuens
1499 3353 1642 3418 namque

586 3433 641 3497 vir
663 3434 809 3519 prudens
829 3433 1078 3511 adolescentem,
1094 3438 1134 3498 ut
1157 3439 1307 3521 aspectus
1326 3434 1547 3513 renuntiabat,
1563 3457 1644 3519 qua-

588 3535 683 3598 litate
699 3535 886 3610 delicatum,
902 3540 937 3599 et
960 3538 1060 3599 aetate
1081 3535 1258 3616 tenellum;
1281 3536 1387 3601 sciens
1410 3538 1511 3602 etiam
1533 3537 1643 3621 ipsum

588 3635 758 3699 natalibus
781 3634 929 3714 clarum3
951 3658 1011 3699 nec
1034 3636 1180 3701 moribus
1207 3637 1277 3723 ejus
1304 3638 1459 3704 credebat
1481 3661 1574 3725 posse
1599 3639 1644 3703 ri-

589 3756 699 3822 gorem
731 3736 820 3799 illius
852 3736 977 3801 ordinis
1004 3760 1190 3824 congruere,
1218 3761 1278 3804 nec
1306 3740 1434 3805 viribus
1458 3740 1641 3807 convenire.

421 3842 449 3890 1⁸
461 3844 558 3908 stemly
591 3837 692 3900 Hunc
717 3836 822 3923 igitur
847 3837 893 3901 sic
916 3838 1059 3904 terrifica
1082 3842 1292 3928 responsione
1317 3842 1410 3926 quasi
1433 3864 1453 3906 a
1476 3843 1536 3907 tali
1559 3865 1643 3929 prae-

365 3964 371 3973 ·
421 3909 576 4026 {luffizy
588 3938 775 4024 sumptione
804 3961 1018 4026 compescens,
1051 3948 1111 4006 aut
1141 3943 1363 4007 constantiam
1394 3944 1505 4030 potius
1538 3945 1644 4010 animi

422 4039 561 4159 pppiprrpepf
589 4038 681 4125 ejus⁷
711 4042 882 4128 explorare
912 4043 1032 4121 nitens,
1055 4044 1185 4129 inquit:
1211 4054 1226 4078 “
1240 4044 1345 4122 Istud,
1379 4045 1539 4123 Ofiliole,
1563 4068 1644 4131 quo·

624 4329 748 4394 ¹oliquid]
764 4331 1092 4392 SoPez.andDorlandus;
1115 4346 1118 4386 Ι
1137 4335 1165 4383 in
1177 4334 1221 4384 the
1239 4336 1335 4386 middle
1346 4337 1377 4385 ol
1391 4336 1435 4386 the
1446 4340 1517 4387 word
1533 4339 1642 4388 munitio.

589 4410 630 4470 ad,
641 4409 698 4459 MS.
1137 4414 1301 4475 Hencesorth,
1313 4430 1342 4464 so
1354 4416 1394 4464 far
1405 4431 1432 4466 aa
1447 4415 1489 4465 the
1500 4423 1552 4466 two
1563 4416 1642 4468 MSS.

622 4486 737 4551 ²cliquo]
765 4489 800 4537 So
822 4490 898 4548 Ms.;
930 4491 988 4554 elio,
1010 4492 1091 4550 Pez.;
1136 4508 1183 4542 run
1209 4492 1333 4558 together,
1356 4495 1388 4543 B.
1407 4494 1461 4542 will
1483 4496 1574 4545 denote
1597 4495 1643 4544 the

590 4568 677 4626 altero,
688 4566 844 4616 Dorlandus.
1135 4571 1260 4620 Bodleian
1272 4571 1338 4633 Ma,
1351 4572 1379 4623 C.
1392 4573 1435 4622 the
1447 4572 1520 4622 Paris
1533 4572 1604 4637 Ma]

621 4644 789 4710 ’hujusmodq
809 4643 885 4708 hujus
904 4648 931 4695 in
954 4648 1031 4709 MS.;
1052 4648 1091 4697 hia
1168 4649 1316 4714 lHuqonem
1327 4650 1471 4715 rapiebant]
1488 4651 1521 4700 In
1538 4651 1570 4700 B.
1590 4652 1641 4703 and

588 4724 688 4785 similia,
699 4724 759 4773 Pez.
1135 4728 1193 4779 Pez.
1206 4749 1212 4787 ς
1231 4729 1313 4778 notin
1327 4729 1355 4780 C.

621 4807 629 4833 ⁴
641 4821 672 4852 ae
688 4805 815 4868 precipue
826 4803 937 4853 obediens
948 4812 971 4852 et
987 4807 1088 4870 secura]
1167 4808 1311 4873 ⁰effcctrcm]
1333 4808 1367 4858 So
1379 4808 1411 4858 B.
1422 4809 1471 4857 and
1490 4807 1549 4857 Pez.
1562 4828 1569 4866 ;
1588 4808 1641 4858 effi·

518 4949 520 4954 ¹
588 4884 622 4933 So
641 4883 715 4941 MS.;
734 4899 763 4933 ac
784 4882 861 4933 etiarn
882 4884 1031 4934 obedientia
1052 4900 1090 4934 se·
1132 4887 1241 4948 ciebant,
1256 4889 1284 4938 C.

586 4978 653 5021 cura,
665 4962 724 5013 Pez.
1167 4968 1176 4994 ⁷
1188 4968 1263 5015 animi
1274 4967 1339 5034 rjus]
1360 4968 1391 5017 In
1403 4967 1434 5018 B.
1443 4968 1494 5017 and
1503 4966 1563 5018 Pez.
1575 4986 1582 5027 ς
1596 4975 1643 5020 not

621 5042 691 5105 [The
702 5043 826 5094 Bodleian
844 5043 900 5095 MS.
920 5059 978 5094 now
989 5042 1088 5110 begins,
1131 5044 1159 5095 in
1172 5045 1202 5098 0.
