4125 6334
540 1140 606 1202 330
763 1150 845 1201 vrrs
867 1152 892 1201 s.
916 1151 1073 1201 nunonis
1096 1151 1366 1202 nmoomrnnsrs.

373 1341 421 1417 llis
434 1343 510 1391 devo·
539 1326 700 1391 scentium
730 1327 911 1404 memorias,
947 1325 1156 1412 maximeque
1190 1326 1233 1391 ed
1266 1326 1399 1414 gloriosi
1439 1325 1604 1411 martyris

369 1409 525 1458 ¹¹⁰⁰⁶t¹¹⁰ffi
539 1428 672 1493 Tlromae
702 1429 915 1509 mausoleum,
947 1430 1135 1495 diutissime
1166 1429 1223 1495 sed
1253 1429 1468 1495 devotissime
1493 1448 1603 1504 orans,

538 1531 680 1617 seipsum
703 1537 738 1596 et
753 1553 828 1596 suos
843 1532 957 1596 divino
972 1533 1135 1618 praesidio,
1150 1538 1185 1597 et
1207 1532 1392 1619 patrocinio
1406 1535 1600 1597 sanctorum

539 1633 611 1711 Dei,
634 1635 801 1699 attentius
834 1634 1086 1700 commendavit.
1142 1633 1241 1712 Hinc,
1273 1634 1381 1722 priore
1416 1634 1600 1720 multisque

538 1734 699 1802 fratrum¹
724 1758 829 1821 usque
847 1737 890 1802 ad
911 1737 1036 1802 atrium
1060 1738 1207 1802 exterius
1229 1736 1336 1823 ipsum
1361 1759 1437 1803 cum
1460 1757 1600 1803 venera·

538 1841 628 1904 tione
651 1840 898 1918 deducentibus,
922 1840 965 1904 ad
987 1839 1168 1926 hospitium
1192 1862 1289 1905 suum
1312 1840 1460 1907 divertit

373 1954 517 2037 visitedqy
584 1943 659 2009 Illic
689 1944 776 2030 regis
802 1943 987 2030 justitiarii,
1019 1964 1147 2009 necnon
1178 1949 1213 2008 et
1243 1943 1389 2030 plerique
1418 1942 1598 2029 optimates

366 2021 525 2149 Jffitffiffijs
538 2046 641 2131 regni,
665 2069 746 2131 quos
769 2046 811 2111 ad
832 2048 939 2111 locum
955 2046 1050 2110 illum
1073 2046 1182 2112 neseio
1207 2048 1280 2132 quis
1295 2052 1376 2111 tunc
1399 2068 1494 2111 casus
1516 2043 1598 2110 asci-

371 2155 420 2202 and
431 2171 507 2220 many
539 2155 641 2225 verat,
660 2150 846 2236 episcopum
862 2150 1014 2214 certatim
1038 2149 1180 2215 invisere
1196 2150 1410 2236 gaudebant3
1434 2147 1596 2214 adventui

371 2221 466 2272 nobles.
538 2252 608 2335 ejus
630 2252 889 2338 congratulando
910 2252 1158 2337 applaudentes
1175 2252 1232 2317 sed
1251 2252 1411 2317 molestiae
1427 2250 1597 2337 corporali,

539 2377 603 2439 qua
625 2355 720 2418 illum
754 2355 909 2419 affectum
923 2354 1135 2443 didicerant,
1167 2354 1271 2420 nimio
1304 2376 1443 2420 moerore
1466 2376 1596 2441 compa

538 2458 665 2523 tientes.
713 2458 803 2538 Quos
816 2457 872 2521 ille
888 2457 1092 2544 magnanimi
1105 2457 1118 2493 ²
1141 2458 1248 2523 cordis
1263 2459 1393 2545 orisque
1408 2456 1596 2523 constantia

424 2579 477 2624 114.
538 2583 735 2647 magnopere
759 2560 919 2625 consolari
950 2560 1105 2638 studuit3
1140 2560 1303 2646 vultuque
1326 2581 1450 2638 sereno,
1482 2559 1596 2624 Domi·

538 2666 612 2729 nica
633 2664 764 2749 flagella
787 2665 890 2729 servis
909 2663 1046 2727 Domini
1061 2662 1172 2728 dulcia
1193 2685 1263 2729 esse
1286 2664 1412 2741 debere,
1428 2668 1463 2727 et
1486 2663 1596 2728 verbis

538 2768 658 2843 docuit,
684 2772 718 2831 et
738 2767 786 2831 sui
812 2766 914 2851 ipsius
938 2767 1088 2852 exemplo
1113 2764 1302 2832 declaravit.
1350 2767 1517 2832 Caeterum
1541 2766 1596 2830 ille

538 2891 684 2934 summus
715 2868 965 2945 Paterfamilias
1000 2868 1058 2953 qui
1097 2890 1232 2933 manum
1271 2869 1414 2934 solverat
1445 2874 1485 2933 ut
1519 2891 1595 2934 eum

537 2972 725 3046 succideret,
763 2971 879 3035 falcem
917 2992 985 3035 non
1018 2971 1163 3036 retraxit
1197 2993 1217 3035 a
1249 2971 1349 3036 culmi
1388 2970 1594 3051 suocissione,

538 3097 635 3160 quem
664 3074 707 3138 ad
729 3095 866 3139 messem
893 3074 1006 3139 album
1031 3076 1103 3159 jam
1127 3075 1279 3155 viderat;
1317 3075 1421 3140 donec
1442 3096 1595 3161 granum,

538 3178 679 3243 caelestis
705 3177 872 3263 apothecae
899 3176 1027 3242 sinibus
1050 3176 1301 3255 recondendum,
1325 3177 1368 3242 ab
1395 3178 1466 3263 ejus
1492 3178 1596 3264 paleis

536 3280 688 3345 funditus
720 3301 902 3355 excussum,
939 3278 981 3343 ad
1020 3279 1190 3343 horreum·
1212 3279 1254 3344 ab
1284 3302 1360 3345 area
1390 3279 1594 3348 transferret.

539 3386 628 3464 Quid
652 3405 729 3448 vero
753 3383 963 3447 necessitates
978 3403 1141 3466 corporeae
1161 3381 1226 3446 nisi
1242 3383 1354 3469 paleae,
1370 3383 1451 3469 quid
1467 3384 1595 3449 culmus

540 3490 601 3552 nisi
618 3508 742 3571 corpus,
765 3485 887 3568 quidve
913 3506 1055 3569 granum
1077 3485 1142 3548 nisi
1163 3485 1300 3571 spiritus
1321 3485 1406 3570 justi
1429 3486 1466 3549 in
1489 3508 1595 3551 messe

539 3589 712 3652 'llorninica
735 3587 955 3670 intelligitur?
1002 3586 1084 3671 Ejus
1111 3610 1239 3673 quoque
1267 3611 1344 3675 ager
1368 3589 1510 3653 mundus
1534 3596 1594 3667 est,

538 3713 613 3754 mea
635 3689 781 3771 ejusdem
804 3688 920 3750 mundi
944 3711 1100 3772 pressura,
1126 3691 1277 3754 horreum
1301 3692 1479 3776 paradisus

370 3797 518 3875 llislsiling
585 3792 694 3874 Hujus
725 3812 803 3854 sane
840 3793 1030 3875 praenuntia
1070 3794 1220 3877 quaedam
1259 3794 1428 3857 messionis
1460 3794 1489 3858 ei
1528 3795 1596 3860 fuit

369 3865 491 3928 eyesrgm
538 3896 704 3960 oculorum
729 3891 875 3957 sensim³
899 3893 1046 3979 irrepens
1070 3895 1257 3973 hebetud03
1281 3918 1364 3980 quae,
1389 3895 1536 3981 pulveris
1560 3904 1595 3960 et

538 3999 698 4064 caumatis
736 3998 929 4061 continuato
974 3998 1115 4082 ingestu,
1154 4004 1344 4063 memoratae
1382 4000 1594 4082 profectionis

537 4110 693 4190 tempore,
726 4124 838 4167 eorum
876 4102 978 4167 aciem
1010 4103 1189 4187 plurimum
1224 4102 1464 4167 reverberabat.
1528 4104 1595 4183 Qui

537 4210 648 4271 crebro
675 4204 926 4291 suggerentibus
957 4204 1052 4267 nobis
1082 4205 1238 4289 quatinus
1269 4205 1356 4270 visui
1384 4205 1595 4272 clarificando

538 4311 676 4394 alicujus
700 4331 793 4393 opem
820 4307 955 4371 medelae
985 4307 1107 4371 sineret
1130 4307 1289 4386 adhiberi,
1317 4330 1385 4371 una
1406 4331 1535 4395 semper
1560 4317 1597 4377 et

368 4430 523 4482 larissae
538 4415 650 4479 eadem
689 4434 767 4475 voce
805 4410 1048 4496 respondebat:
1090 4420 1105 4443 “
1119 4409 1238 4486 Satis,''
1271 4411 1434 4495 inquiens,
1475 4418 1493 4445 “
1505 4414 1596 4479 oculi

368 4500 518 4561 applicatam
539 4526 554 4552 “
579 4516 675 4580 nobis
709 4514 765 4577 isti
797 4513 968 4588 sufficient,
1003 4513 1161 4597 quamdiu
1197 4512 1298 4577 fuerit
1334 4535 1413 4577 usus
1444 4513 1593 4599 ipsorum

368 4567 471 4682 dicimo
536 4631 552 4657 “
577 4614 802 4685 necessarius?
860 4616 924 4680 His
954 4616 1059 4701 igitur
1085 4615 1304 4681 exterioribus
1327 4637 1503 4702 parumper
1534 4619 1595 4685 ob-

770 4956 774 4982 ι
781 4951 908 5017 fratrum]
929 4952 963 5002 So
975 4952 1048 5011 MS.;
1068 4953 1195 5011 fratribus,
1208 4952 1267 5004 Pez.

768 5031 948 5097 2ηιαφιαιιιήιὶ]
970 5032 1004 5080 So
1016 5032 1073 5081 MS.
1088 5054 1094 5093 ς
1113 5034 1283 5097 magnanima,
1296 5034 1355 5084 l’ez.

767 5111 887 5176 ἐσιώπα]
909 5111 943 5161 So
954 5112 1013 5161 Per.
1028 5132 1035 5172 ;
1056 5127 1164 5173 sensum,
1177 5113 1233 5163 MS.
