4125 6334
595 1084 659 1148 152
814 1094 896 1144 rna
919 1096 945 1145 s
969 1093 1126 1146 uuooms
1150 1094 1420 1145 nrrconmm'sls.

826 1571 999 1639 INCIPIT
1023 1569 1245 1653 QUARTUS
1269 1570 1413 1638 LIBER.

988 1918 1198 1984 Oarrruuuor
1222 1918 1249 1983 I.

597 2100 648 2165 Dc
663 2098 818 2165 Martiae
840 2097 1021 2184 scria-iscam
1037 2099 1206 2183 Hoqoaa,
1221 2099 1283 2184 qui
1305 2098 1346 2163 ub
1369 2121 1404 2164 co
1426 2121 1509 2165 cusu
1524 2105 1646 2172 uasa,

686 2223 765 2268 racc
786 2201 894 2267 seculo
915 2200 1134 2278 ructuatione,
1158 2200 1286 2288 effaetus
1306 2207 1353 2268 est
1374 2199 1568 2268 monachae.

429 2363 579 2428 fflsswf
596 2367 854 2430 Dururnvsanr
894 2364 1053 2429 custodiar
1092 2362 1334 2450 pontificalium
1368 2362 1564 2429 scriniorum
1600 2384 1647 2428 re·

429 2430 563 2548 fflffih
596 2467 760 2533 verendus
782 2466 922 2532 antistes
947 2467 1049 2552 Hugo
1074 2466 1232 2551 juvenem
1256 2466 1441 2552 quemdam,
1464 2465 1648 2531 modestum

429 2563 577 2680 ffiffiff
597 2571 730 2656 quidem
761 2569 906 2634 moribus
937 2573 971 2634 et
1001 2568 1169 2654 pudicum,
1196 2569 1254 2633 sed
1277 2567 1441 2633 vanitatis
1471 2566 1648 2633 mundauae

430 2646 574 2748 vurmius.
597 2694 664 2737 non
702 2672 799 2759 plene
833 2693 983 2747 vacuum,
1023 2670 1156 2735 nomine
1187 2670 1379 2735 Martinum.
1443 2669 1484 2734 In
1522 2668 1649 2736 scriniis

597 2780 709 2840 autem
740 2795 822 2839 vasa
855 2780 890 2838 et
920 2774 1129 2847 vestimenta
1161 2770 1293 2856 aliaque
1327 2770 1518 2857 hujusmodi
1552 2793 1649 2850 sacra,

598 2898 739 2962 quorum
765 2876 801 2939 in
824 2874 940 2939 altaris
970 2874 1157 2939 ministerio
1180 2895 1259 2939 usus
1283 2878 1363 2951 erat,
1387 2872 1650 2941 continebantur.

599 2975 720 3043 Moris¹
747 2982 818 3041 erat
841 2975 959 3040 horum
986 2977 1157 3041 custodem
1182 2981 1217 3040 et
1240 2975 1397 3061 bajulum,
1421 2976 1575 3060 quamvis
1594 2976 1653 3042 lai-

599 3102 683 3158 cum,
718 3086 829 3142 tamen
869 3078 948 3162 quia
979 3078 1067 3142 inter
1101 3077 1321 3143 ecelesiastica
1350 3078 1545 3144 versabatur
1579 3102 1653 3146 cum

599 3180 723 3246 clericis
738 3179 933 3255 ministeria,
949 3179 1080 3244 tonderi
1104 3184 1144 3244 ut
1167 3179 1327 3257 clericum,
1351 3185 1385 3244 et
1408 3180 1555 3245 tunicam
1579 3203 1654 3269 pro·
1749 3267 1755 3275 Ι

599 3283 679 3370 priis
701 3282 850 3348 vestibus
873 3281 1129 3368 superindutum
1153 3282 1273 3346 lineam
1299 3282 1431 3347 creditis
1456 3282 1574 3372 [sibi]⁹
1597 3284 1654 3350 de·

599 3388 721 3452 seruire
745 3383 917 3470 obsequiis.
942 3383 1117 3461 Martinus,
1140 3382 1218 3448 huic
1240 3383 1281 3447 de
1306 3383 1430 3447 recenti
1456 3384 1654 3473 subrogatus

600 3488 713 3565 officio,
737 3486 923 3552 tonsionem
938 3485 1100 3571 suscipere
1117 3484 1258 3572 jubetur
1280 3485 1323 3549 ab
1339 3486 1497 3572 episcopo.
1544 3488 1652 3569 Quam

526 3641 531 3652 .
602 3590 656 3654 ille
679 3589 790 3653 triduo
813 3587 1004 3672 jussionem,
1028 3587 1154 3672 pudore
1182 3586 1362 3653 obsistente
1386 3611 1454 3653 non
1477 3590 1574 3671 bon0,
1590 3592 1655 3656 dis-

601 3692 680 3756 tulit
703 3690 891 3776 adimplere,
909 3690 1009 3752 variis
1032 3711 1091 3775 per
1114 3690 1183 3754 dies
1207 3690 1356 3775 singulos
1383 3693 1653 3758 excusationibus

602 3793 711 3858 velare
734 3792 853 3868 nitens,
879 3813 952 3856 cum
977 3798 1182 3880 argueretur,
1199 3792 1310 3856 omissi
1334 3795 1492 3881 praecepti
1506 3795 1655 3863 volunta·

600 3896 684 3960 riam
708 3894 976 3960 inobedientiam.

435 4006 565 4071 Avoiuing
648 3998 722 4064 Hoc
744 3997 914 4085 episcopus
937 3999 1122 4073 advertens
1140 4003 1364 4085 reportantem
1387 3998 1429 4063 ab
1453 4001 1588 4066 ecclesia
1603 4002 1655 4067 dio

436 4103 744 4204 quiredton-siuiidfflss
768 4106 842 4187 post
874 4102 990 4166 missas
1022 4100 1141 4164 scrinia
1164 4101 1326 4180 observat,
1352 4123 1491 4187 euinque
1514 4103 1550 4167 in
1572 4105 1655 4171 ulte·

435 4206 724 4285 materaria-em
755 4209 886 4268 secutus
914 4203 1079 4279 exedram,
1105 4202 1256 4268 cincinno
1279 4204 1398 4290 capitis
1420 4205 1510 4270 illius
1532 4206 1656 4295 digitos

435 4272 593 4404 lssssffiffut
605 4308 782 4381 innectens,
808 4311 825 4336 “
842 4302 954 4381 Ecco,'’
984 4305 1043 4379 ait,
1068 4310 1086 4339 “
1102 4306 1180 4389 quia
1210 4312 1376 4371 tonsorem
1406 4329 1472 4371 non
1495 4311 1654 4395 reperisti

437 4406 544 4457 hinselr.
606 4414 623 4443 “
648 4408 705 4493 qui
721 4405 909 4471 ordinatam
926 4406 987 4470 tibi
1011 4406 1112 4471 farciat
1135 4412 1315 4482 tonsuram,
1333 4431 1392 4494 ego
1420 4411 1489 4495 ipse
1512 4412 1655 4478 tondebo

607 4520 623 4544 “
646 4509 708 4574 te.''
754 4509 837 4571 Haec
861 4507 981 4584 dicens,
999 4509 1139 4594 sumptis
1155 4509 1357 4596 sor·picibus‚³
1379 4514 1544 4578 caesariem
1568 4515 1656 4580 illius

607 4706 704 4712 ....----
731 4704 827 4710 ---m
864 4703 922 4707 ..-—
1363 4711 1371 4715 ·
1440 4711 1495 4717 ....
1560 4714 1653 4721 ——-

641 4810 645 4837 ¹
660 4804 756 4869 ,llo-a]
777 4806 811 4853 tio
823 4803 879 4852 MS.
894 4823 900 4860 ς
920 4802 1000 4851 Moris
1016 4811 1107 4862 autem,
1187 4808 1357 4874 Uer-picibus]
1379 4811 1413 4860 So
1423 4811 1478 4860 MS.
1493 4832 1499 4870 ;
1513 4811 1657 4876 forcipibus,

604 4888 665 4936 l’ez.
1129 4934 1131 4968 ¹
1155 4885 1212 4935 Pez.
1249 4889 1395 4952 Seefirrpea·
1408 4889 1433 4937 in
1447 4889 1567 4955 Glossary
1581 4892 1656 4956 infru.

639 4962 720 5027 ²sibe]
740 4963 791 5012 Xot
810 4962 837 5010 in
856 4961 931 5022 msa
949 4961 1031 5011 added
1043 4961 1107 5010 srom
1128 4997 1130 5026 ,

606 5043 665 5093 I’ez.
1127 5042 1130 5100 i
