4125 6334
806 1162 907 1211 arnna
929 1162 962 1227 u,
986 1161 1058 1213 car.
1074 1164 1119 1211 v1.
1417 1151 1482 1212 253

814 1409 1022 1475 Carrrucuu
1045 1409 1104 1477 VI.

435 1552 591 1633 Qualiter
612 1574 731 1640 repent,
755 1555 951 1622 rationibus
974 1553 1198 1641 apricante
1224 1554 1263 1618 de
1284 1551 1361 1617 auis
1383 1574 1485 1617 crece

520 1656 614 1721 aibas
649 1657 887 1743 increpaverit.
939 1659 1121 1739 Quantam
1158 1656 1226 1722 eibi
1257 1654 1398 1721 lionoris
1427 1676 1486 1719 rua

522 1757 601 1843 ipsa
623 1779 702 1825 moa·
728 1759 786 1825 dic
810 1759 977 1826 mirentur
1002 1759 1062 1825 aui
1091 1758 1140 1824 ad
1169 1759 1288 1845 ipsum
1319 1756 1484 1823 detulerit.

522 1860 567 1924 Et
589 1860 678 1946 qaid
700 1860 840 1927 mans
860 1861 926 1928 cito
945 1868 1023 1948 poet
1047 1860 1115 1927 luceo
1137 1859 1211 1946 rapi
1234 1858 1442 1926 retributum
1464 1880 1487 1922 c

522 1960 674 2028 Domino
691 1962 816 2049 fucrit.

478 2096 586 2176 Quam
614 2098 737 2163 etenim
760 2100 934 2178 instanter,
959 2098 1048 2165 inter
1075 2098 1231 2185 quaelibet
1253 2097 1332 2165 lata
1354 2104 1387 2164 et
1411 2098 1487 2164 tris-

430 2198 488 2275 tia,
512 2200 600 2263 inter
630 2207 749 2265 cuncta
780 2223 935 2288 prospera
967 2206 1001 2266 et
1028 2203 1177 2279 adversa,
1200 2201 1338 2267 Domini
1361 2223 1489 2287 semper

430 2300 568 2386 gloriam
602 2303 778 2387 quaesierit,
813 2325 886 2369 cum
921 2309 994 2369 tota
1023 2304 1252 2369 indesinenter
1282 2304 1363 2369 vitae
1398 2303 1488 2366 illius

430 2404 528 2467 series
550 2404 707 2482 docuerit,
730 2405 831 2470 etiam
854 2406 890 2469 id
915 2406 1004 2492 quod
1036 2406 1098 2471 sub
1130 2407 1269 2471 articulo
1299 2406 1398 2491 hujus
1422 2406 1487 2470 diei

430 2506 533 2588 gessit
555 2506 625 2570 luce
649 2506 768 2572 clarius
798 2508 962 2594 patefecit.
1010 2509 1098 2573 Nam
1126 2531 1210 2585 cum,
1241 2513 1317 2594 post
1347 2513 1487 2573 terrores

431 2607 638 2692 multiplices,
670 2631 708 2673 ac
730 2611 946 2675 vexationum
978 2610 1196 2695 plurimarum
1230 2609 1425 2675 acerbitates
1457 2609 1487 2672 ei

432 2708 560 2773 diutius
583 2709 776 2787 intentatas,
803 2712 914 2776 subito
945 2717 979 2777 et
1003 2712 1139 2777 insolito
1161 2732 1237 2775 eum
1260 2712 1381 2775 honore
1412 2710 1487 2774 sub-

430 2810 555 2875 limitas
587 2813 676 2898 regia
711 2814 850 2900 dignata
887 2814 1012 2890 fuisset,
1051 2813 1201 2879 soliditas
1242 2814 1382 2898 pectoris
1419 2813 1489 2896 ejus

430 2919 548 2977 neutro
573 2915 769 2980 tentationis
787 2916 899 3001 jaculo
922 2916 977 2980 vel
998 2916 1043 2980 ad
1066 2921 1270 2981 momontum
1294 2916 1401 2989 cessit,
1425 2937 1489 2999 quo

431 3015 549 3090 minus,
588 3016 713 3081 calcata
750 3018 903 3082 funditus
941 3018 1080 3082 humani
1118 3018 1241 3083 favoris
1281 3018 1394 3104 gloria,
1429 3017 1489 3081 boc

429 3117 706 3183 indeclinabiliter
738 3126 964 3205 exequeretur,
995 3121 1085 3206 quod
1116 3120 1323 3207 profuturum
1356 3121 1398 3184 ad
1424 3120 1487 3185 Dei

429 3217 568 3302 gloriam
593 3220 801 3307 sagacissimo
825 3223 946 3286 mentis
967 3222 1118 3286 acumine
1141 3222 1342 3307 pervidisset.

477 3320 643 3407 Explicito
673 3345 816 3408 namque
853 3323 1004 3410 superius
1042 3330 1224 3388 memorato
1258 3324 1342 3387 sacri
1372 3323 1486 3388 altaris
1499 3338 1656 3390 Theserviee

430 3422 544 3500 officio,
577 3426 619 3488 ud
653 3448 765 3512 regem
795 3427 958 3506 accessit3
992 3448 1092 3512 super
1123 3426 1353 3511 indignatione
1383 3425 1486 3511 ipsius
1498 3407 1655 3535 ‘effisgssssh

430 3531 545 3590 eontra
560 3549 603 3604 se,
620 3528 703 3592 eitra
725 3529 881 3593 moritum
904 3551 1000 3593 suum
1022 3529 1175 3605 excitata,
1191 3550 1295 3614 pauca
1317 3528 1374 3592 sed
1388 3527 1487 3592 fortia
1499 3539 1560 3587 lates
1571 3539 1632 3616 nich

432 3629 680 3713 expostulavit3
704 3636 739 3695 et
762 3632 850 3717 quod
873 3633 908 3695 in
931 3632 1026 3695 illum
1047 3630 1131 3695 nihil
1154 3632 1287 3716 penitus
1310 3630 1486 3715 aliquando
1498 3605 1541 3721 Ἐξ
1548 3605 1647 3721 ffi„

430 3731 632 3817 deliquisset,
668 3733 919 3798 evidentissima
952 3734 1081 3798 ratione
1115 3733 1310 3819 propalavit.
1359 3732 1487 3813 Quibus
1496 3738 1551 3801 just
1561 3754 1645 3803 anger.

429 3855 489 3897 rex
519 3856 594 3898 oum
628 3836 665 3899 in
699 3837 900 3901 contrarium
928 3836 976 3900 nil
1009 3836 1129 3901 referre
1161 3836 1330 3921 potuisset,
1362 3836 1486 3900 crimen
1498 3817 1555 3948 ,ἷξε
1564 3818 1631 3935 {31¹2ss

429 3936 528 4019 hujus
543 3937 676 4002 offensae
699 3939 735 4001 in
751 3939 1022 4004 Cantuariensem
1046 3938 1180 4003 retorsit
1196 3938 1484 4024 archiepiscopum,
1498 3951 1579 3999 blame
1590 3967 1623 3999 on

430 4039 486 4122 qui
502 4038 566 4103 sibi
589 4040 759 4105 multoties
783 4041 919 4105 sinistra
942 4041 982 4105 de
1005 4061 1044 4105 eo
1066 4039 1248 4105 literatorie
1264 4039 1484 4123 suggessisset.
1497 4016 1628 4147 {ffihffis

431 4140 514 4218 Quae
536 4142 635 4205 simul
658 4143 813 4207 universa
828 4141 971 4206 veritate
986 4162 1091 4206 vacua
1113 4140 1221 4216 sitisse,
1239 4140 1485 4226 promptissima
1499 4148 1603 4198 Canter-

429 4243 597 4307 rntionum
620 4243 780 4309 facilitate
807 4245 1005 4309 convincens
1037 4242 1227 4328 episcopus:
1253 4248 1270 4277 “
1283 4239 1413 4320 Salvo‚”
1434 4243 1485 4307 in-
1497 4216 1604 4344 turpib

429 4344 511 4429 quit,
547 4352 565 4381 “
581 4346 703 4411 honore
742 4347 813 4424 Dei,
849 4352 883 4411 et
921 4346 1027 4410 salute
1065 4344 1185 4410 animae
1223 4366 1305 4411 meae
1335 4367 1373 4411 ac
1406 4350 1484 4426 tuae,
1605 4334 1611 4345 ⁸

430 4448 677 4514 “utilitatibus
710 4449 778 4513 tuis
816 4470 987 4534 nunquam
1025 4467 1158 4533 prorsus
1192 4447 1245 4513 vel
1284 4448 1320 4512 in
1358 4450 1485 4515 modico

430 4557 447 4583 “
471 4550 632 4616 obviavi'’

477 4651 531 4716 lta
552 4654 643 4739 regia
665 4652 895 4739 indignatione
917 4652 1043 4732 sedata,
1065 4652 1162 4738 regiis
1184 4652 1292 4718 xeniis
1315 4652 1627 4743 episcopusHpghre-

428 4752 636 4835 bonoratur3
671 4759 705 4820 et
731 4777 752 4818 a
783 4776 868 4841 rege,
891 4754 1082 4840 hospitandi
1113 4756 1230 4841 gratia,
1254 4755 1290 4818 in
1313 4753 1481 4818 castellum
1494 4746 1607 4859 {erffitg

467 4922 474 4925 -
487 4922 550 4928 -—
561 4923 619 4929 .—
629 4923 703 4928 ———
726 4923 833 4929 ...-
867 4922 1175 4929 ....-.-—-.-.———..-.....
1188 4919 1448 4928 ----.--.-..-......

465 5019 471 5047 ¹
483 5018 637 5083 superatum]
657 5017 691 5069 So
703 5016 760 5068 MS.
772 5018 847 5077 here;
866 5023 1011 5081 superatam
1021 5024 1047 5067 et
1057 5019 1180 5078 sedatum,
1192 5019 1218 5066 in
1231 5015 1311 5065 'sablo
1322 5015 1352 5065 ot
1360 5015 1483 5081 Chapters

428 5113 514 5163 supra
525 5113 550 5162 p.
560 5103 617 5148 222.
