4125 6334
790 1195 894 1245 urana
917 1196 949 1257 v,
973 1193 1046 1246 car.
1063 1195 1128 1245 rvr
1420 1182 1486 1246 333

427 1381 444 1409 “
469 1377 538 1437 tarn
558 1372 747 1437 venerabile
762 1376 1003 1437 sacramentum
1020 1371 1119 1459 digne
1135 1370 1345 1459 promodulo
1360 1376 1485 1448 nostro,

428 1485 445 1509 “
469 1482 503 1539 et
525 1474 703 1539 salubriter
736 1496 796 1560 pro
831 1474 918 1539 dono
952 1495 1022 1551 suo,
1045 1473 1143 1539 nobis
1176 1473 1351 1561 contingat
1382 1476 1484 1539 susci-

430 1588 445 1613 ιι
510 1576 574 1643 m„

470 1600 539 1744 liiis
560 1680 609 1745 ita
634 1680 835 1759 memoratis,
852 1678 1015 1765 quidquid
1037 1679 1215 1765 aliquando
1231 1678 1267 1743 in
1289 1701 1324 1745 se
1346 1684 1486 1744 noverat
1499 1680 1599 1745 laugha

429 1783 619 1862 accusabile,
656 1781 710 1847 vel
749 1781 913 1868 quidquid
951 1781 988 1845 in
1023 1781 1174 1867 quolibet
1215 1782 1321 1869 gradu
1366 1783 1486 1858 aetatis,
1499 1749 1647 1799 ⁰⁰¹¹f⁰⁸⁸i⁰¹l

427 1883 562 1964 ordinis,
587 1891 647 1949 aut
671 1883 891 1971 professionis
919 1883 983 1948 sibi
1008 1882 1051 1948 de
1078 1905 1112 1949 se
1134 1885 1290 1971 potuerat
1305 1886 1484 1972 displicere,

428 1988 531 2073 eoepit
562 1986 598 2050 in
628 1991 804 2072 conspectu
838 1985 983 2061 Domini,
1016 1984 1078 2049 sub
1109 1986 1302 2052 testimonio
1337 1986 1485 2073 ejusdem
1499 1979 1634 2074 ffissssffiw,

429 2090 522 2176 prius
545 2090 598 2154 cui
630 2089 701 2154 haee
733 2088 939 2175 loquebatur,
966 2088 1118 2153 monaehi
1149 2094 1184 2154 et
1210 2089 1397 2177 presbyteri
1425 2091 1486 2167 sui,
1499 2080 1598 2192 ”mffim

430 2191 550 2255 deinde
580 2192 746 2275 adjunctis
772 2190 801 2255 ei
827 2190 935 2255 tribus
961 2190 1150 2256 reverendae
1175 2191 1359 2257 honestatis
1382 2214 1486 2257 sacer-
1499 2198 1649 2293 mitt?

430 2294 572 2370 dotibus,
588 2293 715 2358 solicite
731 2293 887 2358 confiteri.
936 2292 1084 2373 Quorum
1101 2294 1227 2379 primus
1248 2294 1650 2394 Li1¹00¹¹¹ie1¹⁸i³timus,

430 2395 591 2474 decanus3
607 2395 768 2459 secundus
790 2399 981 2480 praecentor,
1004 2395 1062 2480 qui
1078 2395 1267 2461 cathedram
1288 2396 1390 2483 ipsius
1413 2404 1488 2483 post
1500 2406 1635 2495 gffiffiffip

431 2519 507 2561 eum
530 2496 699 2576 ascendit-3
725 2496 845 2562 tertius
866 2518 944 2561 vero
970 2496 1219 2562 archidiaconus
1234 2498 1655 2595 Norlramtoniaeffiffihffelwfl·

431 2606 511 2676 erat,
534 2600 588 2664 vir
611 2599 685 2663 vita
712 2598 828 2684 utique
853 2603 887 2663 et
912 2598 1062 2662 doctrina
1085 2599 1291 2665 clarissimus.
1500 2603 1639 2696 {ffissld

476 2701 518 2765 In
541 2702 601 2767 lrac
636 2700 839 2766 confessione
874 2722 934 2765 nec
958 2699 1017 2764 illa
1052 2700 1173 2780 omisit,
1205 2723 1280 2786 quae
1305 2702 1486 2767 innumeris
1500 2702 1640 2807 ffiffifst

432 2804 559 2890 pridem
587 2803 717 2869 vicibus
740 2803 822 2866 viris
846 2802 976 2867 devotis
1000 2802 1247 2893 compluribus¹
1274 2803 1382 2869 fuerat
1408 2803 1662 2906 0011·{,9{¹„[,¹,³,¹‘,⁰¹,¹ffi‘¹

431 2906 542 2972 fessus.
599 2906 730 2970 Horum
755 2905 896 2990 quilibet
921 2903 1021 2969 fateri
1047 2904 1184 2983 solebat,
1208 2905 1296 2990 quod
1321 2907 1486 2971 neminem

432 3011 568 3095 quisque
594 3007 750 3073 illorum⁹
775 3012 912 3072 eatenus
945 3006 1094 3083 vidisset,
1126 3007 1184 3091 qui
1218 3008 1305 3073 sicut
1339 3009 1393 3073 vir
1423 3009 1486 3074 iste

431 3112 643 3197 semetipsum
668 3114 779 3175 nosset
803 3131 964 3190 accusare,
989 3109 1036 3173 sic
1051 3132 1071 3174 a
1085 3130 1120 3174 se
1136 3109 1265 3187 omissa,
1281 3110 1328 3176 aie
1350 3111 1486 3198 indigne

431 3215 702 3291 commissa,cu1n
727 3212 983 3277 circumstantiis
998 3218 1150 3277 reatuum
1167 3233 1310 3293 suorum,
1328 3221 1486 3301 prompte,

432 3324 538 3397 acute,
561 3321 595 3381 et
618 3317 713 3402 plene
744 3315 842 3380 sciret
880 3336 1078 3379 enumerare.
1124 3314 1168 3378 In
1194 3315 1381 3380 confitendo
1403 3318 1486 3381 illud

432 3441 560 3506 semper
574 3418 760 3504 replicabat,
778 3428 794 3452 “
811 3416 930 3493 Mala,''
952 3416 1114 3501 inquiens,
1130 3424 1148 3451 “
1164 3439 1238 3481 mea
1253 3438 1340 3495 vera,
1357 3418 1435 3495 saia,
1453 3423 1487 3483 et

433 3531 453 3559 “
477 3545 560 3609 pura
574 3521 661 3586 mala
684 3527 782 3601 sunt;
805 3520 901 3597 bona,
922 3521 951 3584 si
977 3541 1051 3605 quae
1074 3527 1161 3598 sunt,
1178 3542 1246 3585 non
1261 3522 1310 3587 ita
1325 3527 1413 3602 sunt,
1428 3522 1486 3587 sed

430 3633 450 3662 “
473 3625 633 3690 malorum
649 3623 856 3688 admixtione
880 3622 1020 3709 impura,
1037 3624 1132 3688 malis
1147 3624 1295 3709 undique
1311 3632 1464 3690 concreta
1478 3651 1486 3706 ;

434 3734 451 3763 “
475 3727 654 3793 etidcirco
678 3748 738 3791 nec
757 3747 837 3790 vera
859 3747 919 3791 nec
943 3726 1137 3812 simpliciter
1163 3734 1242 3793 sunt
1269 3727 1382 3793 boua.'’

480 3828 654 3893 Celebrate
691 3828 795 3914 igitur
833 3849 892 3913 per
929 3826 1070 3892 biduum
1100 3828 1328 3914 hujuscemodi
1363 3830 1486 3895 confes·
1501 3840 1568 3906 Sept
1582 3847 1622 3902 ao,

433 3931 534 4008 sione,
553 3930 639 3995 cirea
661 3928 775 3994 horam
799 3929 935 3994 tertiam
957 3930 994 3993 in
1016 3929 1134 4015 vigilia
1156 3936 1346 4009 memorata,
1369 3931 1487 3997 euclm-
1500 3908 1638 4025 {2523}

434 4033 538 4098 ristiae
577 4033 620 4097 ad
657 4054 691 4097 se
729 4031 849 4097 delatae
887 4030 1030 4109 obviam,
1070 4031 1169 4096 nudis
1200 4032 1333 4118 plantis,
1373 4034 1487 4109 cilicio,
1500 4040 1641 4094 Eucharist.

431 4136 554 4211 tunica,
584 4140 619 4200 et
648 4134 776 4200 cuculla
805 4134 956 4209 vestitus,
987 4133 1145 4220 processit
1174 4155 1196 4197 a
1224 4131 1352 4198 lectulo.
1397 4135 1486 4198 Ante

433 4239 542 4325 ipsum
579 4259 710 4323 quoque
748 4235 957 4301 tremendum
989 4236 1206 4322 divinumque
1244 4242 1486 4301 sacramentum

433 4362 542 4427 genua
564 4340 708 4416 flectens,
733 4345 767 4406 et
791 4338 984 4425 suppliciter
1009 4338 1160 4415 adorans,
1185 4338 1312 4404 diutius
1337 4339 1488 4421 oravit3³

433 4464 690 4508 commemorans
713 4441 847 4506 infinita
867 4439 1026 4505 beneficia
1049 4438 1235 4506 Salvatoris
1257 4442 1402 4509 humano
1425 4443 1487 4507 im·

433 4567 535 4631 pensa
556 4544 677 4631 generi,
701 4543 816 4628 illique
839 4542 964 4628 gratias
986 4541 1064 4607 inde
1087 4541 1239 4622 referens,
1263 4566 1300 4609 ae
1323 4566 1365 4623 se,
1390 4550 1429 4609 ut
1452 4565 1486 4608 se

434 4646 565 4712 dicebat
599 4646 698 4710 nimis
730 4643 936 4731 culpabilem,
971 4643 1041 4729 ejus
1076 4645 1386 4711 misericordissimae
1419 4648 1486 4731 pie-

433 4749 498 4815 tati
521 4747 762 4822 commendans,
785 4747 890 4834 ipsius
920 4746 1065 4832 denique
1095 4748 1313 4833 patrocinium
1337 4752 1371 4813 et
1394 4749 1488 4812 auxi-

602 4983 608 5012 ¹
621 4980 796 5048 compluribus]
816 4982 851 5033 So
862 4982 919 5032 MS.
930 5000 937 5041 3
966 4981 1173 5047 quampluribus,
1185 4981 1245 5030 Pez.

600 5062 610 5091 ²
620 5062 720 5125 quiaque
732 5058 837 5126 illoram]
858 5060 893 5111 So
904 5060 961 5111 MS.
972 5079 981 5121 ς
998 5060 1131 5125 quisquam
1142 5073 1236 5118 eorum,
1247 5058 1308 5107 Pez.

601 5140 712 5206 ’mariq
733 5139 768 5191 So
783 5140 843 5191 Per.
854 5141 905 5193 and
914 5139 957 5193 W.
970 5141 1001 5190 de
1012 5138 1127 5199 Worde;
1145 5136 1267 5200 adoravit,
1278 5136 1334 5189 MS.
