4125 6334
496 1118 562 1185 278
719 1126 803 1176 vm
827 1130 852 1177 s.
877 1127 1033 1178 nuoorus
1056 1125 1327 1177 nuooanmusrs.

496 1312 513 1340 “
538 1304 621 1368 alius
644 1302 717 1388 quis
740 1303 798 1388 qui
821 1302 917 1367 vobis
937 1300 1127 1381 insidiatur,
1147 1304 1208 1367 aut
1227 1300 1354 1386 justam
1377 1304 1438 1365 aut
1459 1300 1567 1387 jmeae

500 1416 519 1443 “
542 1406 683 1471 similem
708 1406 819 1492 potuit
840 1405 984 1491 reperire
1007 1425 1147 1469 causam.
1194 1402 1232 1469 Si
1255 1424 1334 1469 vero
1361 1404 1569 1468 sententiam

502 1519 517 1543 “
542 1508 718 1573 forensium
751 1506 902 1593 judicum
934 1506 1007 1592 jam
1038 1506 1150 1585 latam,
1178 1505 1249 1591 jam
1284 1505 1474 1571 executioni
1508 1505 1567 1571 da-

505 1622 520 1645 “
545 1611 746 1686 mandatam,
784 1614 898 1674 vestra
935 1608 1099 1675 duxeritis
1141 1607 1326 1695 pontificali
1361 1607 1567 1675 auctoritate

504 1726 520 1749 “
543 1711 750 1789 irritandam,
774 1711 902 1777 dicetur
932 1712 975 1777 ab
1008 1712 1138 1777 aemulis
1161 1712 1250 1798 quod
1280 1711 1317 1775 in
1347 1711 1455 1797 ipsam
1478 1710 1566 1798 ragis

506 1828 521 1850 “
546 1837 699 1881 coronam
719 1813 934 1901 deliqueritis,
951 1820 986 1880 et
1006 1816 1101 1901 quasi
1120 1813 1208 1903 [in]¹
1232 1820 1362 1881 reatum
1380 1812 1566 1880 incideritis

505 1929 521 1953 ‘⁶
544 1919 632 1985 laesae
655 1917 863 2002 majestatis.''

551 2021 679 2102 Quibus
702 2020 766 2097 ille,
791 2018 940 2098 “Novi’'
962 2019 1082 2105 inquit,
1102 2018 1418 2106 “magnanimitatis
1441 2023 1563 2085 vestre

508 2124 792 2189 “confidentiam
838 2122 904 2188 Sed
933 2122 1156 2189 accersiantur
1185 2122 1229 2188 ad
1259 2143 1320 2188 nos
1350 2123 1417 2187 huc
1433 2122 1563 2208 judicas

507 2233 524 2261 “
548 2226 607 2291 isti
617 2226 643 2305 ;’'
672 2226 745 2310 jam
776 2225 865 2291 enim
899 2225 979 2290 foris
1013 2225 1160 2302 aderant,
1184 2230 1368 2312 quaerentes
1397 2224 1489 2311 loqui
1511 2224 1542 2289 ei
1554 2248 1562 2303 ;

509 2338 525 2364 “
549 2334 583 2393 et
606 2326 776 2405 audietis,”
806 2327 926 2413 inquit,
958 2327 1117 2393 “illorum
1147 2350 1312 2394 sermones
1342 2334 1377 2394 et
1406 2326 1563 2393 nostros?

383 2446 413 2489 91
427 2442 452 2489 u.
510 2430 638 2511 Quibus
659 2430 703 2494 ad
720 2451 816 2495 suum
834 2452 1019 2495 consessum
1038 2430 1198 2509 admissis,
1214 2430 1261 2496 sic
1278 2430 1326 2497 eis
1343 2437 1394 2497 est
1411 2432 1562 2497 locutus:

511 2541 528 2568 “
551 2532 676 2608 Nostia,
699 2533 728 2597 Ο
751 2531 816 2597 viri
839 2533 1029 2618 prudentes,
1052 2534 1137 2598 hanc
1159 2539 1281 2606 sanctae
1304 2532 1421 2599 matris
1442 2538 1563 2599 vestrae

340 2633 396 2682 The
437 2700 443 2722 ‚
512 2646 528 2671 “
551 2636 693 2701 ecclesiae
716 2634 840 2720 ubique
869 2641 1032 2700 terrarum
1061 2636 1317 2723 praerogativam
1348 2657 1426 2715 esse,
1448 2640 1489 2701 ut
1511 2656 1563 2701 cu·

339 2699 457 2831 iffi?
513 2748 530 2773 “
549 2736 695 2824 jusque²
717 2736 899 2822 periculum
930 2738 1153 2804 damnationis
1183 2739 1434 2816 declinantibus,
1458 2744 1493 2804 et
1522 2738 1565 2804 ad

341 2840 482 2897 auctuary.
513 2852 626 2906 “eam
656 2839 848 2926 confugium
877 2840 1082 2920 facientibus,
1114 2842 1325 2908 securitatem
1354 2846 1502 2929 praestet,
1531 2846 1566 2907 et

513 2943 816 3008 “incolumitatem
845 2942 1043 3009 conservet.''
1089 2943 1219 3026 Quibus
1248 2946 1283 3010 id
1313 2966 1348 3011 se
1370 2946 1454 3011 bene
1476 2944 1566 3021 scira,

513 3046 613 3131 idque
645 3045 721 3130 jure
761 3045 930 3110 observari
968 3045 1087 3111 debere
1123 3048 1408 3134 respondentibus,
1446 3046 1567 3134 adjecit

513 3148 589 3213 ille:
615 3146 682 3212 “Si
704 3148 796 3213 istud
820 3148 921 3226 scitis,
944 3148 1056 3227 illud,’'
1077 3149 1197 3237 inquit,
1220 3150 1463 3215 “nihilominus
1486 3150 1568 3215 scire

346 3253 482 3332 'pheuma
517 3257 534 3287 “
559 3251 694 3330 debetis,
715 3251 793 3339 quia
814 3250 1002 3337 ubicunque
1026 3252 1130 3318 fuerit
1156 3251 1350 3341 episcopus⁸
1373 3275 1448 3319 cum
1471 3251 1569 3319 dmul

343 3318 502 3451 ffffgttffltl
517 3362 535 3390 “
558 3354 714 3421 mnata
745 3355 871 3421 class
901 3355 1064 3433 secutus,
1095 3355 1144 3420 iu
1169 3361 1220 3421 ese
1250 3360 1285 3422 a
1315 3355 1456 3422 talaia„
1502 3353 1569 3435 Qui

347 3455 486 3532 longstoa
517 3468 533 3491 “
558 3459 646 3523 enim
669 3457 855 3522 materiales
877 3456 1005 3542 lapidea
1028 3458 1171 3523 ecclesiae
1194 3480 1253 3524 suo
1276 3458 1449 3524 consuevit
1470 3458 1569 3522 mini-

347 3522 443 3585 hrahop.
518 3559 656 3624 “sterio
691 3557 834 3622 Domino
868 3559 1041 3639 dedicare;
1076 3561 1133 3645 qui
1165 3566 1200 3625 et
1233 3560 1359 3648 lapides
1393 3561 1498 3637 vivos,
1528 3582 1569 3631 ex

518 3671 533 3695 “
558 3659 678 3745 quibus
712 3659 823 3723 verius
857 3666 989 3725 constat
1022 3664 1163 3741 ecclesia,
1200 3685 1259 3749 per
1296 3663 1427 3749 singula
1465 3686 1570 3728 sacra-

519 3772 534 3797 “
558 3765 679 3837 menta,
717 3764 756 3824 ut
794 3762 970 3828 Dominica
1006 3767 1133 3851 templa
1170 3788 1212 3830 ex
1250 3766 1302 3830 his
1338 3767 1431 3845 fiant,
1469 3765 1572 3831 habet

519 3874 536 3902 “
560 3863 786 3945 sanctificare3
813 3865 889 3951 jure
912 3867 1020 3945 debet,
1055 3869 1243 3955 ubicunque
1268 3869 1378 3946 fuerit,
1409 3869 1574 3935 ecclesias·

519 3978 535 4002 “
560 3968 635 4033 ticae
659 3968 835 4054 dignitatis
864 3970 1038 4058 privilegio
1068 3973 1220 4057 gaudere,
1243 3978 1278 4037 et
1308 3971 1573 4058 periclitantibus

519 4081 535 4105 “
559 4071 686 4137 cunctis
704 4070 807 4155 juxta
829 4072 918 4136 illius
940 4073 1115 4137 formulam
1138 4074 1341 4140 subvenire.''

352 4184 473 4262 Thines
569 4176 666 4256 Quod
701 4175 829 4261 judices
874 4175 923 4240 illi
968 4181 1141 4263 gratanter
1178 4179 1383 4265 accipientes
1428 4177 1577 4265 antiquis

351 4253 452 4367 iffi}
464 4266 490 4298 ¹¹¹
521 4279 622 4343 etiam
656 4278 842 4364 Anglorum
874 4279 1001 4366 legibus
1032 4281 1094 4345 hoc
1126 4281 1234 4367 ipsum
1268 4282 1446 4347 recolentes
1475 4280 1578 4346 fuisse

353 4384 462 4449 English
523 4402 724 4466 expressum,
740 4385 797 4447 sed
812 4404 901 4447 nunc
915 4383 1146 4449 modernorum
1161 4384 1215 4449 vel
1231 4385 1426 4472 pontificum
1441 4383 1578 4463 desidia,

353 4452 421 4502 lass.
521 4483 575 4548 vel
619 4485 796 4567 tyrannide
826 4485 1011 4571 principum
1042 4507 1111 4578 esse
1140 4486 1310 4564 abolitum,
1333 4487 1449 4552 habito
1478 4508 1580 4574 super

523 4586 585 4650 hoc
616 4591 765 4652 tractatu
796 4588 838 4651 ad
870 4588 1020 4666 invicem,
1044 4589 1146 4654 locuti
1176 4594 1255 4654 sunt
1284 4589 1315 4654 ei
1345 4590 1381 4654 in
1404 4589 1490 4654 hanc
1511 4589 1579 4654 for-

558 4907 618 4971 ¹ia]
628 4905 680 4955 Not
689 4905 716 4954 in
724 4904 793 4963 MS.;
806 4904 888 4952 added
896 4903 960 4952 stom
968 4904 1027 4953 Pes.
1109 4905 1270 4971 3ερίεεορτιε]
1297 4905 1331 4956 So
1351 4905 1428 4964 Pea.;
1454 4904 1585 4970 episcopo,

557 4985 712 5050 ²cujuaque]
732 4984 767 5035 So
792 4983 869 5043 MS.;
895 4984 1028 5048 cujuscun-
1074 4986 1131 5036 MS.

530 5064 658 5127 quel‘ez.
