4125 6334
427 1506 556 1573 inas.

431 1582 468 1627 1⁴.

593 1107 614 1171 4
816 1118 898 1168 rim
922 1119 946 1168 s.
973 1118 1128 1167 ruinosis
1152 1117 1423 1168 praenestensis.

592 1289 742 1369 vortices,
766 1290 905 1377 pedibus
920 1290 1039 1356 vostris
1062 1289 1193 1376 pervios
1217 1289 1418 1371 reddidistis,
1435 1290 1569 1377 quando
1593 1290 1649 1357 dc·

592 1395 710 1462 clivom
732 1394 939 1460 verecundiae
962 1415 1044 1458 mere
1072 1393 1238 1459 inscitiam
1261 1392 1417 1479 Hngonis
1440 1396 1503 1460 mei
1528 1415 1648 1460 nomen

594 1498 714 1585 tetigit,
738 1503 777 1563 ut
809 1498 905 1562 ineo
930 1494 1039 1561 Heliae
1072 1496 1209 1582 pallium
1243 1518 1345 1582 aquas
1378 1497 1451 1561 iilns
1483 1495 1647 1583 patefecit.

595 1599 686 1666 Oessi
710 1599 879 1688 protinns3
912 1606 945 1664 et
977 1621 1019 1662 ex
1052 1598 1156 1684 gestis
1186 1598 1277 1663 beati
1301 1599 1376 1676 riri,
1400 1621 1438 1663 no
1460 1598 1488 1662 si
1512 1598 1551 1663 do
1574 1598 1646 1685 pn]-

594 1700 754 1766 cherrimo
776 1700 866 1787 ligno
882 1700 1023 1785 quodam
1041 1699 1197 1776 Farodini,
1215 1701 1268 1764 rel
1291 1700 1431 1787 paucula
1453 1721 1504 1765 me
1528 1698 1644 1787 poma¹

593 1804 823 1890 decerptnrunr
857 1802 998 1889 promisi,
1022 1801 1050 1865 si
1075 1802 1238 1867 Dominus
1265 1803 1474 1889 suppeditare
1498 1803 1649 1889 dignare-

593 1911 658 1970 tur.
704 1904 786 1984 Qum
809 1904 952 1980 tandem,
978 1904 1043 1969 isto
1067 1903 1286 1989 qualicunque
1319 1904 1429 1969 libello
1453 1905 1583 1980 inserta,
1608 1909 1647 1969 nt

594 2007 701 2072 solent
723 2005 849 2070 fructus
881 2005 1017 2092 pretiosi
1042 2005 1171 2071 calatho
1194 2006 1303 2070 viliori
1336 2029 1575 2092 nonnunquam
1598 2008 1647 2071 in-

594 2109 690 2184 cludi,
715 2112 834 2173 vestrae
857 2113 983 2193 (perorata
1000 2106 1072 2189 jam
1097 2128 1227 2192 possum
1260 2129 1302 2172 es
1335 2109 1510 2173 devotione
1541 2117 1649 2174 trans-

594 2212 692 2275 mitto
714 2209 894 2286 sanctitati,
919 2207 1060 2273 dulciter
1084 2210 1110 2271 si
1139 2210 1247 2295 placet
1280 2210 1496 2296 suscipienda,
1520 2211 1648 2276 dulcius

593 2311 828 2398 ampiectenda,
851 2311 907 2375 sed
931 2310 1118 2374 dulcissime
1141 2311 1324 2377 delibanda.
1371 2312 1405 2376 N
1407 2334 1424 2376 e
1442 2334 1520 2379 vero
1543 2313 1647 2392 aliter,

594 2436 653 2501 pro
677 2413 843 2479 mittentis
866 2417 925 2477 aut
948 2412 1151 2477 continentis
1166 2414 1250 2478 vitio
1273 2420 1333 2479 aut
1351 2415 1491 2492 vilitate,
1507 2416 1647 2493 eveniat,

594 2517 730 2581 missum
754 2519 788 2580 et
810 2519 1003 2581 contentum
1027 2514 1122 2580 facile
1144 2524 1183 2581 ut
1206 2537 1301 2603 spero
1324 2516 1497 2582 obtinebit.

640 2620 728 2684 Bene
751 2618 863 2684 valeat
886 2624 921 2683 et
943 2619 1055 2704 vigeat
1079 2619 1115 2683 in
1143 2620 1231 2683 omni
1257 2621 1434 2685 sanctitate
1457 2625 1491 2684 et
1514 2620 1645 2708 pietate,

594 2745 631 2786 no
652 2745 712 2808 pro
735 2721 830 2788 nobis
857 2720 984 2806 jugiter
1009 2720 1203 2796 intercedat,
1226 2721 1426 2787 universitas
1448 2722 1646 2788 sanctissimi

593 2830 698 2888 uetus
713 2823 824 2897 rostri,
840 2822 963 2887 domini
989 2822 1052 2886 mei
1077 2828 1111 2887 et
1135 2831 1244 2910 patres
1267 2824 1384 2889 merito
1407 2846 1534 2911 semper
1549 2846 1647 2892 rene·

594 2925 696 2990 randi.

944 3024 1096 3111 Esrpriirit
1119 3025 1292 3110 Proiopns,
1386 3053 1390 3058 ·

961 3324 966 3352 ¹
977 3322 1064 3387 primo]
1084 3338 1173 3387 panma
1186 3324 1212 3373 in
1224 3323 1280 3373 MS.
