4125 6334
600 1086 664 1148 140
821 1096 904 1147 vrra
927 1099 952 1146 a
976 1097 1133 1147 uuooms
1156 1095 1427 1146 nruounnransis.

475 1286 506 1334 ³⁷
520 1283 545 1333 b·
599 1275 629 1340 ei
652 1272 910 1352 succedentibua
934 1271 1004 1359 ipse
1033 1271 1216 1337 indefessus
1237 1275 1272 1337 et
1298 1271 1404 1336 alacer
1427 1272 1468 1336 de
1490 1293 1588 1358 opere
1609 1270 1652 1336 ad

599 1397 689 1463 opus,
724 1375 765 1440 de
798 1374 911 1440 labore
946 1371 1172 1461 percurreret¹
1209 1373 1254 1438 ad
1287 1372 1440 1439 laborem.
1498 1374 1554 1438 Ad
1587 1373 1654 1438 ista

599 1499 838 1564 nonnunquam
869 1477 1027 1563 surgebat
1058 1482 1136 1542 ante
1168 1475 1283 1553 lucem,
1310 1480 1345 1541 et
1378 1475 1548 1561 usquead
1578 1498 1653 1562 pro·

598 1581 719 1646 fundas
740 1580 910 1667 sequentis
932 1579 1038 1645 noctis
1061 1579 1215 1644 tenebras
1232 1578 1399 1666 jejunans,
1416 1599 1477 1644 nec
1499 1601 1520 1644 a
1541 1577 1653 1643 labore

431 1688 553 1767 flieron-
598 1705 737 1763 cessans,
760 1683 849 1748 diem
880 1682 1027 1748 medium
1058 1679 1290 1768 transigebat.¹
1335 1681 1542 1767 Plerumque,
1571 1681 1650 1746 dum

430 1757 585 1880 ῗὲῗᾍᾞί
598 1785 817 1851 immodicus⁸
847 1785 973 1852 aestatis
995 1785 1105 1850 fervor
1135 1783 1332 1861 immineret,
1356 1784 1516 1870 quosdam
1538 1783 1654 1849 minis·

431 1887 583 1953 compeuing
600 1894 725 1953 trorum
749 1887 865 1953 altaris
893 1888 1034 1975 cogebat
1062 1886 1159 1973 panis
1189 1892 1224 1952 et
1254 1886 1327 1951 vini
1356 1887 1522 1952 modicum
1545 1887 1653 1973 praeli·

430 1955 567 2080 Ἐζᾶ,
598 1991 695 2070 bare;
732 2012 774 2056 ne
811 1990 1011 2077 praegravati
1049 1994 1141 2066 astu,
1175 1988 1314 2076 jejunio,
1349 1994 1383 2054 et
1415 1988 1535 2065 labore,
1569 1989 1654 2054 citra

430 2087 587 2204 gffoebsfff
597 2094 787 2180 periculum,
810 2097 885 2180 post
907 2093 1007 2158 toties
1028 2091 1187 2177 repetitos
1211 2091 1365 2157 circuitus
1386 2091 1424 2155 in
1445 2090 1653 2157 ecclesianam

431 2219 571 2271 bnuonor
599 2196 871 2272 dedicationibus,
895 2199 1004 2259 astare
1036 2195 1170 2260 denium
1201 2200 1237 2259 et
1267 2193 1543 2261 subministrare⁴
1577 2194 1653 2260 mis-

430 2301 505 2337 Μ
598 2321 710 2364 sarum
755 2297 904 2363 solennia
937 2296 1118 2363 celebranti
1151 2296 1389 2383 nequivissent.
1435 2296 1531 2377 Cum,
1570 2319 1652 2384 prae·

598 2401 743 2488 gustatis
761 2399 858 2485 jussu
890 2420 949 2464 suo
979 2399 1128 2486 panibus,
1152 2398 1281 2464 horrori
1310 2398 1509 2485 quibusdam
1533 2404 1568 2466 et
1589 2400 1652 2465 sor-

598 2502 717 2568 midini
741 2524 809 2567 esse
831 2500 994 2579 sensisset,
1016 2523 1146 2567 sacrum
1176 2502 1266 2566 inter
1294 2502 1423 2589 agenda
1443 2501 1499 2566 vel
1521 2501 1652 2568 calicem
1745 2571 1748 2578 ,

599 2606 654 2671 vel
690 2605 889 2670 dominicam
936 2604 1127 2690 contingere
1173 2604 1355 2682 sindonem,
1401 2605 1563 2691 arguebat
1599 2626 1652 2670 eos

599 2709 694 2794 quasi
726 2707 855 2795 pusillae
891 2707 970 2772 fidei
1008 2712 1044 2772 et
1081 2706 1288 2771 discretionis
1322 2706 1473 2785 infirmae,
1505 2706 1563 2793 qni
1595 2728 1654 2771 nec

600 2811 731 2876 obedire
749 2809 886 2897 jubenti
908 2809 980 2874 aine
1003 2808 1213 2875 haesitatione
1243 2808 1447 2885 didicissent,
1470 2829 1532 2875 uec
1554 2810 1653 2875 ratio-

600 2934 677 2977 nem
699 2912 905 2999 perciperent
928 2911 1173 2997 circumspecta
1191 2911 1358 2995 jussionis.

432 3026 563 3076 Hieme
646 3014 913 3098 Quotiescunque
948 3014 1013 3077 iter
1046 3014 1159 3099 agenti
1196 3014 1422 3093 occurrissent,
1452 3020 1493 3079 nt
1525 3014 1653 3091 assolet,

431 3094 571 3209 ffiffi‘
601 3115 658 3201 qui
689 3136 747 3202 per
775 3135 894 3179 manus
925 3135 994 3180 suae
1028 3113 1272 3201 impositionem
1306 3115 1493 3181 confirmari
1524 3123 1655 3204 expete·

432 3226 577 3286 mstioaos
599 3224 683 3295 rent,
707 3224 768 3283 aut
801 3217 859 3302 qui
889 3217 1045 3303 parvulos
1068 3217 1099 3283 ei
1122 3218 1163 3284 ad
1192 3218 1276 3283 illud
1305 3218 1574 3306 percipiendum⁶
1603 3241 1653 3284 sa·

431 3294 571 3409 ffissed
600 3327 805 3387 crementum
828 3320 993 3397 offerrent,
1016 3342 1096 3385 mox
1120 3321 1192 3387 loco
1215 3327 1401 3409 opportuno
1427 3323 1464 3386 in
1486 3321 1586 3409 pedes
1612 3322 1653 3387 ab

432 3424 583 3543 ffiri'ffl
599 3446 685 3540 equo
720 3423 928 3539 descendens,
952 3423 1043 3537 puod
1072 3422 1163 3488 illius
1190 3425 1381 3541 emt.⁰ffi⁰.ii
1406 3423 1540 3541 solicita
1558 3424 1655 3491 devo
1700 3523 1705 3532 Ι

428 3530 588 3625 jour'neying.
599 3532 692 3592 tione
715 3524 926 3610 adimplebat,
951 3546 986 3587 m
1013 3546 1209 3611 quacunque
1241 3526 1361 3592 diocesi
1392 3526 1452 3592 hoc
1474 3527 1653 3593 accidisset.

601 3627 704 3691 Nulla
726 3646 874 3711 unquam
897 3624 1104 3711 fatigatione,
1128 3631 1188 3691 aut
1214 3628 1419 3704 infirmitate,
1443 3629 1536 3693 nulla
1559 3630 1655 3695 itine-

599 3728 645 3793 ris
667 3727 889 3804 festinatione,
912 3727 1006 3792 nulla
1028 3728 1094 3795 viae
1124 3730 1311 3816 asperitate,
1335 3737 1395 3796 aut
1425 3732 1510 3797 aeris
1535 3732 1652 3797 intem·

599 3831 696 3918 perie,
719 3836 758 3895 ut
780 3852 900 3915 equum
924 3830 1040 3895 sedens
1064 3836 1196 3896 tanturn
1218 3832 1390 3898 exhiberet
1412 3839 1652 3899 sacramentum

599 3935 710 4021 potuit
734 3933 853 3999 induci.

431 4049 487 4099 The
499 4062 561 4113 very
645 4038 740 4103 Siout
763 4058 832 4102 non
855 4037 980 4123 absque
998 4037 1127 4118 rubore,
1152 4042 1186 4102 et
1210 4037 1353 4123 quodam
1371 4038 1493 4103 mentis
1517 4036 1654 4116 dolore,⁶

431 4115 551 4241 335¹}ss
599 4145 713 4226 postea
744 4140 889 4204 vidimus
927 4140 1114 4227 episcopum
1146 4141 1322 4225 quemdam
1354 4146 1454 4207 aetate
1487 4140 1652 4225 juvenem,

432 4248 538 4365 {mr
600 4242 727 4307 viribus
758 4246 982 4327 praestantem,
1006 4242 1043 4305 in
1074 4243 1143 4307 loco
1174 4241 1277 4307 etiam
1308 4242 1366 4308 et⁷
1396 4249 1545 4330 tempore
1575 4246 1655 4309 satis

430 4382 528 4445 bishop.
607 4422 637 4428 .-
901 4421 923 4425 -
1054 4422 1093 4426 -,
1266 4423 1269 4427 ,
1538 4420 1650 4429 ψ.-

635 4523 819 4588 ¹pcrcurreret]
851 4523 886 4572 So
906 4523 937 4573 B.
957 4524 1008 4571 and
1026 4523 1106 4583 Pez.;
1150 4524 1292 4574 ministrare
1304 4525 1423 4585 officium,
1436 4526 1464 4576 C.
1479 4545 1485 4582 ;
1504 4524 1653 4582 ministrare,

599 4605 723 4662 currebat,
737 4604 765 4655 C.
1150 4604 1209 4655 Pez.

632 4681 816 4748 'acnaiyetaq
850 4683 885 4732 So
905 4681 936 4731 B.
957 4682 1007 4730 and
1026 4681 1105 4741 Pez.;
1183 4683 1397 4750 5ριενείρὶιηιᾰιιηι]
1418 4685 1452 4733 So
1472 4684 1503 4732 B.
1516 4685 1567 4733 and
1578 4684 1653 4739 Pez‚;

599 4762 635 4811 sic
647 4762 811 4827 transigebat.
824 4760 852 4811 C.
1149 4762 1353 4827 participandum
1369 4762 1614 4828 percipiendumque,
1626 4763 1653 4813 C.

632 4841 805 4906 'immodicnq
842 4839 877 4890 So
900 4838 931 4887 Β.
956 4839 1006 4888 aud
1030 4838 1105 4899 Pez.;
1183 4843 1226 4889 'et
1237 4842 1432 4908 quodommenlis
1443 4840 1535 4906 dolore]
1556 4841 1654 4891 Thisin

599 4936 650 4970 non
662 4922 784 4980 modicus,
797 4920 826 4971 C.
1149 4920 1179 4970 B.
1194 4942 1200 4981 ;
1219 4929 1264 4971 not
1275 4922 1301 4970 in
1315 4923 1343 4972 C.

636 4998 853 5064 ‘subministrord
886 4998 920 5049 So
949 4999 1003 5060 B.;
1032 4957 1128 5056 suuml
1184 5000 1496 5065 *et]1nc.;notin13.
