4125 6334
592 1123 656 1187 146
813 1134 895 1184 nra
920 1136 945 1186 s
969 1132 1126 1184 nnsours
1149 1129 1422 1180 mucosumssrs

591 1310 672 1397 ipsis
702 1330 782 1375 vero
815 1310 974 1394 quosdam
1004 1304 1110 1371 literis
1141 1302 1337 1370 imbuendos
1368 1302 1514 1380 tradens,
1552 1298 1653 1366 eccle·

592 1412 724 1478 siastica
757 1413 967 1499 postmodum
1001 1409 1085 1475 bene
1117 1405 1365 1492 proficientibus
1399 1403 1544 1471 contulit
1574 1400 1653 1467 sub·

595 1513 689 1580 sidia

638 1615 764 1680 Verum
786 1616 827 1680 de
848 1614 901 1678 his
923 1613 1000 1680 licet
1023 1613 1131 1680 adhuc
1153 1613 1297 1702 plurima
1313 1633 1389 1698 quae
1405 1631 1472 1676 non
1486 1606 1655 1674 inutiliter

595 1718 816 1786 scriberentur
847 1724 1037 1804 suppetant,
1069 1718 1112 1782 ob
1142 1717 1319 1783 vitandum
1349 1712 1480 1778 lectoris
1514 1710 1657 1776 taedium

596 1822 668 1888 haec
689 1821 824 1887 interim
851 1821 892 1886 de
915 1820 967 1886 his
998 1819 1121 1885 dixisse
1152 1820 1303 1898 sufficiat,
1327 1814 1532 1904 prolixitatis
1562 1811 1656 1877 iasti-

598 1924 700 2003 dium,
732 1924 804 1990 haec
826 1924 961 1989 interim
983 1923 1099 1989 lectori
1122 1922 1298 1989 sufficiant.
1355 1920 1405 1984 De
1433 1916 1529 1982 vobis
1555 1914 1657 1995 enim,

476 2038 544 2087 aab.
601 2026 630 2092 Ο
662 2025 874 2092 Oadomensis
905 2026 1092 2105 Benedicte,
1124 2026 1154 2092 0
1186 2031 1220 2091 et
1252 2021 1473 2089 Novomensis
1503 2018 1659 2094 Roberte,

432 2120 556 2171 Benedia
564 2119 594 2170 of
602 2129 698 2215 plura
720 2129 840 2193 referre
863 2128 1130 2215 supersedemus;
1153 2148 1293 2213 quorum
1315 2130 1453 2209 uterque
1479 2122 1515 2187 in
1539 2118 1661 2209 puerili

432 2186 572 2303 {adalind
602 2231 769 2316 quondam
792 2234 901 2310 aetate,
936 2230 1084 2295 omnium
1108 2251 1189 2316 pene
1219 2251 1288 2295 non
1313 2231 1446 2293 tantum
1472 2245 1659 2311 puerorum,

433 2320 534 2386 noyon.
602 2331 705 2398 immo
729 2337 764 2397 et
778 2332 934 2409 virorum,
951 2336 1068 2417 stupor
1090 2331 1164 2397 fuit.
1211 2331 1359 2412 Quorum
1383 2327 1553 2415 posterior,
1574 2331 1661 2392 tem·

434 2435 527 2487 senu..
604 2435 798 2522 pometiam
819 2434 1001 2521 posteriori,
1024 2435 1115 2520 apud
1130 2433 1360 2499 Silvanectum
1382 2454 1403 2496 a
1418 2429 1659 2497 Cantueriense
1757 2449 1765 2462 ·

603 2538 848 2625 archiepiscopo
872 2537 1028 2603 Huberto
1058 2559 1122 2604 aere
1145 2543 1353 2625 comparatus
1383 2535 1512 2622 exiguo,
1528 2533 1566 2598 in
1588 2533 1659 2597 An-

603 2642 706 2729 gliam
729 2663 804 2706 cum
831 2641 902 2726 ipso
930 2641 1078 2727 perlatus
1100 2662 1121 2704 a
1144 2639 1261 2705 Galliis
1284 2644 1344 2717 est,
1371 2644 1411 2704 ut
1436 2634 1661 2702 Lincolniensi

604 2744 754 2831 episcopo
786 2744 948 2830 singulari
985 2742 1115 2808 dicendi
1153 2742 1273 2807 facetia
1310 2741 1443 2807 delicias
1480 2738 1662 2805 exhiberet.

438 2854 568 2905 hmbeth·
606 2845 670 2912 Cui
691 2868 770 2910 mox
797 2853 837 2911 ut
861 2846 952 2932 apud
969 2844 1186 2921 Lameheiam,
1203 2843 1245 2909 de
1267 2842 1423 2909 navicula
1445 2842 1488 2906 ad
1512 2841 1662 2907 salutan-

606 2948 685 3012 dum
735 2946 1000 3034 archipraesulem
1063 2942 1266 3024 discedenti,l
1306 2945 1429 3011 clericis
1484 2943 1665 3009 comitatus

608 3048 904 3115 Oantuariensibns
926 3049 1076 3126 occurrit,
1099 3053 1262 3134 tanquam
1291 3048 1459 3135 proprium
1488 3046 1666 3132 reperisset

606 3151 802 3238 genitorem,
832 3151 983 3237 neglecto
1014 3150 1266 3239 archiepiscopo,
1289 3151 1479 3217 laetissimus
1510 3149 1663 3216 adhaesit.

607 3254 782 3320 Annorum
808 3276 889 3321 vero
913 3255 1060 3341 quinque
1086 3255 1265 3319 videbatur
1289 3276 1366 3332 esse,
1401 3257 1461 3318 aut
1490 3251 1664 3339 paululum

441 3359 544 3416 uictos,
608 3357 742 3443 majoris
765 3358 882 3423 aetatis
929 3355 1039 3435 Hunc,
1063 3362 1139 3443 post
1161 3356 1323 3441 aliquanti
1338 3355 1495 3441 temporis
1509 3356 1667 3441 spatium,

441 3424 596 3542 minii*
609 3459 699 3543 apud
722 3459 915 3525 Alnestoam
941 3458 1048 3523 literis
1072 3458 1319 3525 commendavit
1344 3457 1597 3523 informandum.

442 3573 567 3625 nunnery.
655 3560 879 3637 Benedictum,
910 3560 938 3623 si
960 3561 1119 3627 memoria
1141 3584 1209 3628 non
1235 3561 1329 3641 fallit,
1360 3562 1449 3647 apud
1481 3559 1668 3626 Oadomum

611 3663 702 3749 priua
728 3663 798 3748 ipse
831 3663 968 3742 invenit,
993 3686 1167 3750 secumque
1198 3664 1325 3729 diutius
1357 3685 1526 3750 quousque
1551 3684 1667 3728 sccun-

289 3763 499 3843 s*
611 3764 688 3828 dam
722 3765 888 3852 attigisset
917 3771 1052 3832 aetatem
1087 3772 1262 3846 retentum,
1295 3765 1479 3852 scholisque
1517 3771 1668 3852 tempore

611 3866 745 3931 demum
773 3889 915 3955 congruo
950 3869 1155 3955 deputatum,
1188 3868 1346 3935 beneficio
1379 3871 1480 3934 etiam
1512 3869 1667 3955 perpetui

612 3969 763 4035 redditus
778 3972 936 4057 temporis
951 3993 1104 4057 processu
1126 3972 1273 4036 donavit.
1313 3972 1414 4036 Hunc
1436 3971 1545 4057 ipsum
1561 3970 1669 4036 Bene·

612 4071 746 4152 dictum,
780 4073 815 4135 in
839 4079 1021 4138 torrentem
1056 4074 1198 4158 quodam
1231 4096 1306 4138 casu
1339 4073 1593 4159 rapidissimum,
1622 4074 1667 4138 ab

445 4182 572 4246 Rogerde
612 4195 695 4259 equo
730 4174 854 4238 domini
893 4175 1014 4262 Rogeri
1048 4182 1129 4240 tunc
1168 4176 1398 4241 Leicestrensis
1436 4175 1668 4254 archidiaconi,

444 4247 599 4365 fflffffig
612 4296 700 4340 nunc
721 4280 833 4339 autem
858 4276 1096 4344 Lincolniensis
1120 4280 1243 4358 decani,
1269 4302 1342 4344 cum
1366 4300 1431 4364 quo
1454 4278 1552 4343 simul
1576 4281 1670 4364 equi-

444 4381 581 4431 oflaeiece
612 4377 714 4457 tabat,
751 4376 929 4465 delapsum,
960 4403 1028 4446 non
1067 4381 1187 4447 minori
1222 4382 1384 4447 Dominus
1418 4381 1574 4446 miraculo
1609 4403 1670 4468 per

443 4455 490 4510 ter,
501 4448 575 4499 astar-
684 4480 691 4494 .
873 4482 879 4495 .
1104 4485 1162 4498 ..
1532 4486 1539 4499 .
1639 4485 1647 4499 .

444 4516 601 4566 „mm
612 4486 731 4546 merita
745 4480 899 4568 Hugoms
921 4491 1131 4550 conservavit
1152 4485 1351 4564 indemnem,
1375 4507 1475 4571 quam
1498 4484 1576 4549 olmr
1600 4506 1665 4551 err-

442 4580 599 4635 ornacum.
612 4591 729 4670 puerat
745 4584 916 4650 Placidum
938 4609 1085 4674 puerum,
1102 4590 1215 4675 magni
1239 4589 1379 4655 obtentu
1403 4586 1585 4663 Benedicti,
1609 4609 1669 4673 per

645 4893 652 4921 ¹
653 4891 811 5036 dqqs‘cedenli]
838 4893 872 4943 So
891 4894 935 4944 the
955 4897 1030 4959 MS.;
1058 4899 1219 4962 deacmdcmr,
1237 4902 1352 4967 perhaps,
1374 4902 1460 4953 would
1478 4902 1510 4953 be
1528 4900 1571 4952 the
1595 4898 1669 4963 right

609 4984 652 5020 rea
717 5010 722 5020 .
