4125 6334
607 1118 671 1179 ito
828 1132 910 1180 vrri
934 1132 958 1179 s.
984 1099 1140 1182 rrucours
1163 1131 1435 1183 aiuconsmssrs

605 1306 836 1394 inperpetuum
874 1309 1041 1374 liberatur.
1100 1310 1344 1377 Perendinante
1382 1318 1497 1378 autem
1534 1311 1660 1380 ibidem

604 1411 767 1496 pontifice,
784 1417 819 1476 et
841 1415 971 1498 tempus
994 1412 1204 1499 navigationi
1226 1434 1408 1502 congruum
1432 1437 1492 1502 psr
1507 1414 1579 1481 dies
1593 1417 1661 1482 fere

604 1534 656 1577 xv.
680 1512 903 1599 praestolante,
929 1512 1017 1578 idem
1049 1515 1223 1600 poenitens,
1241 1515 1314 1602 jam
1341 1516 1377 1580 in
1407 1516 1475 1581 fide
1499 1523 1534 1583 ct
1559 1517 1658 1584 devo-

604 1613 695 1679 tione
717 1615 927 1700 praevalidus,
951 1616 1155 1681 consistebat
1177 1616 1214 1681 in
1237 1618 1354 1683 eadem
1376 1618 1459 1683 urbe
1474 1640 1535 1705 per
1556 1641 1658 1685 unam

602 1716 732 1782 circiter
764 1719 990 1804 septimanam.
1042 1717 1248 1804 Disponebat
1270 1741 1349 1784 vero
1383 1742 1586 1786 summorum
1618 1721 1657 1786 li-

602 1817 693 1883 mina
727 1820 949 1905 apostolorum
988 1820 1151 1885 orationis
1183 1821 1295 1906 gratia
1329 1823 1538 1908 quamtocius
1571 1824 1657 1888 iari-

602 1942 680 1985 sere.

647 2023 812 2089 Caeterum
844 2046 913 2090 rem
947 2024 1134 2090 inauditam
1165 2025 1215 2088 illi
1246 2026 1400 2091 norimus
1423 2026 1554 2092 interea
1574 2026 1660 2093 acci-

601 2125 694 2191 disse.
734 2126 853 2191 Subito
878 2125 1036 2213 namque¹
1056 2148 1149 2192 secus
1171 2133 1351 2213 utrumque
1374 2128 1491 2206 femur,
1514 2135 1550 2194 et
1572 2129 1656 2194 circa

600 2228 744 2292 verenda
766 2228 845 2311 ejus,
869 2250 944 2295 caro
968 2228 1057 2293 illius
1079 2230 1129 2293 ita
1151 2229 1365 2315 computruit,
1388 2235 1428 2295 ut
1451 2229 1519 2296 duo
1543 2231 1657 2296 altrin-

600 2351 691 2394 secus
713 2329 885 2411 foramina,
909 2352 965 2396 seu
989 2330 1102 2417 potius
1117 2330 1212 2397 fossas
1234 2331 1333 2410 binae,
1348 2333 1522 2399 horrendae
1537 2332 1654 2420 ampli-

600 2433 728 2498 tudinis
743 2438 778 2498 et
792 2434 1040 2519 profunditatis,
1055 2441 1251 2521 apparerent
1266 2459 1274 2514 ;
1298 2434 1458 2522 cumipse
1481 2441 1595 2501 tamen
1613 2456 1654 2501 ex

600 2542 669 2600 tarn
700 2537 859 2602 immenso
892 2536 1068 2601 vulnerum
1107 2535 1201 2601 hiatu
1236 2536 1322 2600 nihil
1352 2538 1486 2624 penitus
1515 2537 1654 2602 sentiret

600 2636 728 2703 doloris.
774 2639 932 2704 Ostendit
963 2643 1085 2716 autem,
1109 2643 1201 2703 metu
1231 2638 1395 2724 gravioris
1417 2638 1566 2724 periculi,
1588 2638 1653 2705 oui-

599 2741 676 2804 dam
706 2741 896 2807 fidelissimo
928 2742 1010 2818 rire,
1043 2740 1263 2806 curandorum
1290 2739 1466 2805 vulnerum
1499 2742 1650 2807 notitiam

598 2842 744 2921 habenti,
783 2845 916 2909 nomine
954 2844 1114 2929 magistro
1153 2841 1337 2928 Reginaldo
1376 2839 1508 2922 Pistori,
1546 2842 1651 2910 locum

599 2944 693 3009 illum
729 2946 928 3029 putridum:
964 2967 985 3009 a
1019 2966 1085 3029 quo
1123 2944 1317 3030 accepimus,
1353 2944 1432 3029 quis
1464 2943 1536 3028 jam
1571 2965 1652 3032 pene

598 3046 764 3131 usquead
788 3046 906 3110 intima
929 3046 1091 3110 viscerum
1118 3066 1231 3111 carnes
1262 3047 1332 3132 ejus
1359 3046 1506 3132 putridas
1527 3047 1652 3111 deflux-

599 3150 710 3214 issent.

645 3251 861 3317 Insinuantur
883 3250 949 3316 ista
971 3250 1144 3337 episcopo;
1178 3250 1237 3336 qui
1259 3271 1366 3315 ceram
1384 3249 1485 3335 jubet
1508 3250 1650 3317 vulneri-

599 3354 661 3419 bus
687 3355 919 3441 imponendam
950 3353 1030 3429 dari,
1063 3374 1163 3439 quam
1186 3359 1267 3418 tunc
1290 3352 1375 3417 forto
1406 3354 1593 3439 appositam
1615 3354 1649 3417 iu

598 3457 678 3536 foco,
702 3457 745 3521 ad
769 3456 970 3522 conficienda
996 3456 1032 3519 in
1065 3477 1145 3519 usus
1176 3455 1376 3519 necessarios
1406 3453 1652 3533 luminariam

598 3564 649 3622 cst
675 3558 930 3634 consuetudinis,
956 3556 1103 3621 ministri
1129 3556 1348 3621 calefaciendo
1372 3556 1507 3621 mollem
1529 3562 1650 3622 tracta·

429 3681 510 3732 Jonas
522 3684 555 3734 jv,
598 3661 761 3745 bilemque
777 3659 967 3724 reddebant.
1008 3658 1074 3723 Res
1098 3658 1204 3722 mira!
1238 3657 1288 3723 Ut
1304 3659 1391 3722 enim
1408 3658 1530 3723 hedera
1544 3659 1568 3724 J
1570 3680 1649 3738 cnse,

431 3752 453 3808 r,
469 3753 506 3799 ro.

597 3761 659 3827 sub
689 3784 755 3825 una
777 3767 873 3825 nocte
896 3764 1020 3838 exorta,
1046 3760 1107 3824 sub
1137 3783 1205 3824 uua
1235 3760 1352 3825 itidem
1376 3764 1481 3838 nocte,
1506 3760 1650 3847 confugi·

430 3888 584 3938 siruamus
597 3863 729 3933 entibus
752 3862 794 3928 ad
817 3863 1050 3950 poenitentiam
1077 3861 1249 3938 Ninivitis,
1273 3862 1406 3926 exaruit
1425 3887 1432 3940 ;
1464 3862 1514 3927 its
1536 3884 1649 3950 repen-

430 3968 496 4003 θῑῑῗθ.

597 3967 670 4032 tina
685 3966 783 4032 istius
805 3966 1002 4053 poenitentis
1017 3964 1128 4029 ulcera
1149 3963 1185 4028 in
1209 3963 1391 4029 cicatricem
1408 3963 1505 4029 citius
1520 3964 1649 4031 redacta

597 4077 696 4150 sunt;
720 4070 841 4156 quibus
863 4068 928 4134 ιιιι2
960 4068 1092 4154 signum
1119 4065 1253 4151 quidem
1284 4066 1492 4131 obductionis
1515 4072 1650 4154 repente

596 4174 767 4260 superfuit.
814 4172 880 4252 Qui
903 4175 995 4236 totus
1013 4171 1085 4255 jam
1112 4168 1301 4254 evangelico
1332 4189 1429 4244 more,
1457 4168 1571 4233 anima
1593 4169 1649 4234 sci·

596 4277 674 4340 licet
706 4280 842 4339 sanatus
875 4280 909 4337 et
941 4294 1085 4359 corpore,
1120 4270 1262 4357 sumptis
1294 4271 1475 4335 solenniter
1504 4293 1584 4356 pera
1615 4279 1648 4335 et

596 4378 720 4455 baculo
737 4375 916 4463 apostolica
938 4381 978 4439 ut
1001 4379 1216 4461 proposuerat
1240 4373 1364 4437 moenia
1385 4372 1508 4458 petiit:
1533 4374 1649 4438 obten-

596 4487 696 4565 taque
719 4477 948 4544 benedictione
971 4476 1092 4541 summi
1115 4475 1289 4563 pontificis,
1307 4474 1342 4536 in
1365 4474 1524 4560 Angliam
1541 4497 1649 4541 rever-

595 4604 658 4659 sus,
690 4603 728 4646 ac
762 4578 988 4645 Cisterciensis
1026 4577 1153 4642 ordinis
1182 4576 1336 4641 habitum
1368 4576 1515 4657 indutus,
1553 4577 1648 4644 bona

595 4681 855 4748 conversationis
877 4682 996 4744 merito
1018 4700 1086 4743 non
1109 4679 1219 4742 minus
1242 4700 1311 4743 rem
1327 4677 1389 4743 sibi
1415 4700 1512 4763 quom
1529 4700 1646 4744 nomen

594 4785 744 4852 conversi
765 4787 1015 4871 perseveranter
1039 4781 1232 4845 vindicavit.

627 5066 762 5130 'camard
781 5061 902 5123 SoMS.;
920 5060 1067 5120 enimPez.
1119 5061 1123 5127 Ι
1180 5059 1242 5125 ²ae]
1263 5058 1386 5121 SoMS.;
1403 5059 1530 5118 nec,i'e1.
