4125 6334
603 1152 648 1214 82
826 1160 909 1211 vrrs
932 1161 956 1211 s
980 1158 1137 1208 nunonis
1161 1155 1432 1206 urncommusrs.

986 1376 1195 1494 Osrrrunun
1219 1427 1278 1492 IX.

606 1590 713 1677 Quod,
740 1591 868 1679 eupleto
895 1589 1142 1657 conuincti-one
1166 1588 1393 1656 iustitutionis
1418 1589 1663 1657 monoclerum

695 1702 725 1761 et
754 1716 998 1772 coesnersornns,
1031 1693 1133 1778 ano
1164 1692 1271 1757 comis
1297 1693 1375 1759 ritce
1399 1691 1662 1780 courteneplrtirre

695 1798 776 1864 otiis
795 1797 946 1884 feruenti
969 1795 1141 1862 deuotione
1165 1795 1330 1861 animum
1355 1793 1573 1884 impenderit.
1618 1795 1663 1860 Et

695 1900 786 1987 qrtod
805 1922 866 1986 per
880 1920 1038 1985 soporem,
1054 1896 1186 1983 spiritu
1204 1897 1367 1983 uipilonte
1382 1906 1411 1964 n
1426 1905 1543 1965 oronte
1558 1897 1664 1965 stione

697 2000 865 2080 vocaliter,
897 2002 1013 2067 Amen
1039 2006 1181 2085 repetere
1208 1999 1336 2087 sceptus
1361 2000 1574 2066 constitnerit.
1620 2001 1664 2065 Et

697 2105 789 2191 qnod
811 2124 940 2189 semper·
967 2110 1055 2168 totus
1081 2108 1110 2167 et
1133 2101 1264 2187 intepor
1287 2102 1527 2169 inveniebatur
1552 2102 1595 2168 in
1619 2125 1663 2181 eo,

697 2205 745 2273 oo
767 2204 856 2292 qnod
887 2226 965 2270 enon
995 2203 1171 2272 intendere
1197 2204 1357 2292 cujusque
1387 2202 1546 2293 unipons
1571 2205 1665 2272 out-io

696 2306 935 2394 proeeuibebot.

440 2476 555 2541 comple
653 2456 737 2543 lpse,
760 2455 922 2541 completo
939 2453 1013 2540 jum
1036 2453 1255 2521 ludificatione
1278 2455 1453 2543 utriusque
1475 2457 1665 2538 mansionis,

439 2544 494 2660 {¹22
507 2542 588 2594 ΜΘ
607 2558 745 2625 fratrum
769 2558 893 2623 scilicet
917 2562 953 2623 et
981 2558 1227 2635 monachorum,
1250 2557 1358 2625 solitis
1384 2565 1507 2627 sanctes
1529 2582 1667 2628 conver·

439 2676 545 2727 houm:
608 2664 745 2730 sotionis
768 2660 943 2738 (exercitiis,
961 2681 1026 2746 quo
1049 2660 1194 2739 liberius,
1211 2683 1249 2726 eo
1267 2665 1302 2726 et
1317 2663 1495 2749 impensius
1517 2664 1666 2733 veosbst.

438 2742 750 2871 ffinssszssg'l'cmpus
773 2787 869 2831 omne
892 2764 981 2851 quod
1008 2765 1117 2829 somni
1144 2764 1214 2828 solu
1243 2766 1418 2831 necessitas
1445 2766 1505 2831 sibi
1529 2767 1667 2835 minime

438 2876 562 3008 iiiiii&
608 2870 817 2945 vindicasset,
840 2867 983 2932 orationi
1006 2872 1067 2931 sut
1093 2865 1236 2943 lectioni,
1261 2867 1473 2933 meditationi
1495 2869 1550 2935 vel
1571 2872 1668 2957 spiri-

439 3009 566 3063 boeffim
589 2971 693 3049 ,tusli
708 2969 905 3056 indulgebat
921 2968 1090 3033 collationi
1114 2968 1184 3034 sive
1207 2969 1451 3036 exhortationi:
1477 2993 1666 3060 quenquam

608 3079 643 3138 et
680 3071 859 3137 dormienti
891 3091 1024 3156 corpore
1059 3070 1182 3136 mentis
1219 3092 1389 3158 nunquam
1431 3074 1666 3142 dormitionem

609 3173 804 3261 subreperc¹
837 3172 1038 3249 credidisses,
1076 3173 1106 3237 si
1130 3173 1326 3239 familiarius
1358 3176 1388 3240 ei
1422 3175 1615 3256 adhaereres,
1638 3182 1665 3246 si

609 3277 828 3343 dormientem
860 3273 1043 3342 solicitius⁹
1077 3275 1276 3371 observures,
1310 3279 1339 3343 si
1368 3279 1562 3347 referentem
1590 3305 1667 3369 quse

610 3382 706 3447 corde
730 3381 823 3466 vigili
838 3380 926 3445 inter
940 3379 1066 3464 soporis
1081 3400 1187 3443 nexus
1202 3379 1345 3465 spiritu⁸
1368 3380 1453 3446 liber
1471 3385 1669 3471 percepisset

502 3511 541 3557 ις,
613 3482 793 3550 studiosius
815 3480 1020 3547 attendisses.
1082 3480 1225 3546 Audires
1248 3482 1336 3547 hunc
1358 3485 1489 3562 centies,
1512 3508 1587 3551 cum
1610 3512 1667 3554 ve-

440 3574 586 3690 Hdgieven
612 3585 757 3651 hementi
788 3582 923 3669 spiritus
952 3581 1159 3666 impulsione,
1194 3606 1269 3648 cum
1300 3585 1378 3651 sorti
1412 3587 1573 3656 lubiorum
1605 3593 1667 3657 im·

440 3656 596 3771 inuissloep.
609 3688 783 3774 pressione,
798 3686 868 3750 sive
883 3683 1029 3748 interdiu
1045 3684 1115 3748 sive
1130 3690 1230 3750 noctu
1246 3687 1476 3771 quiescentem,
1488 3695 1668 3778 mysticum

609 3789 703 3867 illud,
731 3810 785 3853 ore
818 3786 918 3853 toties
957 3787 1132 3852 Dominioo
1164 3788 1332 3867 iteratum,
1355 3791 1471 3869 Amen,
1503 3798 1596 3881 quusi
1631 3800 1667 3863 in

609 3891 850 3959 conclusionem
877 3890 1054 3975 prmmissae
1086 3890 1246 3955 orationis
1270 3893 1419 3978 proferre.
1468 3896 1562 3962 Nihil
1587 3922 1666 3966 vero

609 3994 701 4061 aliud
732 3994 774 4060 ab
799 4015 855 4059 ore
879 3992 1083 4070 dormientis,
1106 3993 1193 4057 sicut
1222 3994 1384 4081 plerisque
1411 3999 1510 4063 moris
1533 4006 1666 4069 estant

609 4120 705 4164 voees
736 4102 795 4162 eut
831 4094 934 4160 verbu
966 4094 1159 4160 somniando
1191 4096 1350 4175 emittere,
1382 4099 1557 4185 aliquando
1591 4128 1666 4192 pro·

610 4199 769 4278 cedebet3
799 4198 856 4262 sed
887 4197 1014 4273 leniter,
1039 4198 1182 4276 silenter,
1206 4203 1240 4263 et
1263 4201 1466 4285 quietissime
1489 4209 1666 4291 pensando,

610 4322 700 4366 nunc
719 4322 778 4386 per
800 4299 978 4364 intervella
1000 4300 1117 4375 rarius,
1142 4322 1230 4365 nunc
1254 4323 1333 4367 vero
1356 4305 1570 4389 frequentius,
1591 4333 1666 4397 pro·

596 4403 719 4468 'tractu
741 4401 984 4486 aliquantulum
1007 4402 1116 4486 primo
1138 4403 1274 4487 syllaba,
1291 4410 1325 4468 et
1347 4405 1467 4472 ultime
1480 4409 1516 4473 in
1531 4419 1665 4478 scutum

612 4504 717 4570 veluti
734 4503 912 4588 jaculando
935 4504 1062 4580 emissa,
1086 4503 1195 4570 Amen
1219 4506 1402 4573 innumeris
1423 4510 1553 4578 vicibus
1574 4537 1666 4603 repe·

611 4606 715 4672 tebst.

647 4859 808 4928 'subreperd
828 4858 864 4911 So
876 4858 904 4910 C.
918 4878 925 4919 ς
937 4858 1072 4923 surripere,
1084 4861 1114 4918 Β,
1138 4866 1141 4886 “
1197 4866 1322 4932 ²spirr‘tn]
1343 4867 1378 4919 So
1391 4868 1421 4919 B.
1441 4871 1493 4919 md
1509 4870 1570 4922 Pes.
1584 4893 1592 4933 ς
1613 4874 1665 4939 spi·

612 4943 734 4995 endPss.
1162 4945 1234 5005 ritus,
1246 4945 1274 4997 C.

645 5021 797 5087 Μαίσων]
813 5020 848 5073 So
860 5018 889 5074 C.
902 5021 953 5072 and
964 5019 1024 5071 Pes.
1039 5040 1046 5081 ς
1065 5020 1115 5069 sol·

612 5100 691 5164 licius,
702 5101 733 5151 B.
