4125 6334
801 1141 902 1191 nram
926 1143 947 1194 1.
973 1141 1043 1191 cnr.
1069 1142 1118 1191 ru.
1438 1128 1478 1190 15

423 1320 534 1407 ipsum
566 1318 759 1404 plerumque
798 1316 963 1381 honorans
995 1317 1153 1395 exoticis;
1193 1322 1227 1382 et
1258 1339 1317 1404 pro
1349 1340 1483 1383 suorum

425 1422 564 1500 cautela,
589 1442 670 1505 quos
692 1420 796 1483 insui
819 1418 971 1484 absentia
986 1418 1164 1485 clementer
1186 1420 1327 1496 fovebat,
1353 1420 1482 1485 debitas

424 1525 457 1591 ei
481 1523 672 1611 impendens
694 1522 877 1608 gratiarum
900 1522 1056 1587 actiones.

470 1626 620 1712 Contigit
641 1647 729 1702 vero,
753 1625 938 1711 instigante
959 1624 1098 1690 humani
1124 1625 1251 1711 generis
1278 1625 1421 1704 inimico,
1446 1629 1633 1710 utituruered

424 1728 604 1817 aliquando
637 1732 859 1803 mercatorem,
891 1733 966 1813 post
996 1749 1104 1792 moras
1135 1749 1318 1813 regressum
1341 1728 1384 1793 ad
1411 1698 1639 1814 ρτο·ιζὲύιῖξηω8

426 1834 506 1921 pria,
546 1831 669 1917 conjux
706 1831 817 1917 ipsius,
852 1830 975 1895 sociato
1009 1831 1073 1895 sibi
1106 1829 1271 1911 adulteri,¹
1307 1853 1381 1895 cum
1420 1853 1484 1917 quo
1497 1830 1564 1882 wite.

424 1935 597 2020 cujusdam
630 1933 789 1998 moecbari
821 1939 1036 1999 consueverat
1068 1933 1210 1998 nefando
1248 1933 1382 2010 auxilio,
1414 1955 1485 1999 cru-

426 2037 549 2103 deliter
582 2036 774 2124 jugulatum
812 2035 847 2099 in
886 2036 991 2122 agello
1028 2034 1137 2101 vicino
1176 2034 1281 2124 glebis
1315 2036 1485 2102 novalium

426 2140 593 2205 defossum
616 2138 777 2203 obrueret.
825 2137 1035 2202 Innotescit²
1059 2139 1186 2204 interea
1209 2139 1342 2204 domino
1365 2139 1485 2204 redisse

426 2243 546 2308 virum.
604 2240 800 2326 Elapsisque
822 2241 938 2306 diebus
961 2241 1097 2326 aliquot,
1121 2262 1195 2305 cum
1218 2263 1252 2306 se
1275 2263 1366 2307 more
1388 2243 1485 2307 solito

424 2346 497 2431 ejus
511 2343 647 2410 minime
662 2348 879 2431 praesentaret
893 2345 1091 2431 conspectui,
1112 2345 1298 2411 mirabatur
1312 2367 1410 2433 super
1425 2347 1485 2411 hoc

426 2449 592 2524 dominus,
607 2452 642 2512 et
657 2446 830 2512 domestici
845 2447 915 2531 ejus
936 2446 1090 2512 similiter
1113 2448 1328 2514 mirabantur.
1375 2448 1485 2512 Vicini

426 2572 558 2637 quoqne
581 2555 615 2616 et
638 2549 827 2615 convicanei
850 2548 941 2613 illins
959 2550 1080 2614 mirum
1104 2549 1277 2629 ducebant,
1302 2551 1389 2637 quod
1412 2557 1487 2637 post

427 2657 573 2743 primurn
594 2656 720 2721 reditus
750 2656 802 2720 sui
833 2654 920 2719 diem
951 2655 1040 2719 inter
1070 2677 1124 2719 eos
1153 2677 1222 2720 non
1244 2656 1486 2741 comparuisset.

428 2760 552 2826 Volens
582 2760 686 2847 igitur
716 2760 870 2824 <lominus
904 2759 1063 2843 quidnam
1098 2760 1269 2825 accidisset
1299 2760 1329 2824 ei
1357 2760 1486 2846 plenius

426 2884 531 2941 nosse,
556 2861 718 2927 militibus
742 2883 817 2926 erim
840 2861 1149 2939 concomitantibus,
1174 2863 1267 2927 venit
1289 2883 1348 2948 per
1370 2867 1487 2927 semet-

428 2966 537 3052 ipsum
567 2965 611 3029 ad
642 2964 774 3028 domum
798 2964 869 3028 viri.
919 2964 982 3029 Oui
1017 2987 1187 3030 occurrens
1220 2965 1325 3030 infida
1358 2964 1485 3042 mulier,

426 3067 551 3132 blande
572 3066 722 3131 salutans
746 3089 831 3145 eum,
856 3066 957 3153 coepit
980 3067 1021 3131 de
1044 3068 1108 3130 riri
1134 3067 1186 3133 sui
1209 3068 1290 3133 adeo
1313 3068 1485 3156 repentino

426 3170 573 3235 discessu
596 3170 759 3254 conqueri,
783 3169 840 3254 qui
858 3167 930 3252 jam
954 3169 1012 3233 diu
1036 3168 1206 3234 dominum
1229 3171 1432 3235 carissimum
1452 3178 1486 3237 et

427 3273 494 3338 sibi
517 3272 553 3336 in
575 3272 690 3336 multis
721 3271 903 3336 beneficum
936 3292 1004 3335 non
1035 3272 1181 3338 vidisset.
1243 3280 1261 3306 “
1278 3273 1487 3353 Nobiscum,”

427 3375 547 3461 inquit,
572 3384 589 3410 “
604 3375 663 3438 rix
687 3395 754 3438 una
777 3395 850 3439 cum
873 3379 948 3459 post
970 3375 1085 3461 longas
1106 3375 1266 3441 absentiae
1289 3398 1356 3440 suoe
1379 3397 1487 3439 moras

428 3480 567 3543 “nocte
605 3476 794 3562 quievisset,
832 3498 928 3541 mane
966 3478 1054 3542 sacto
1091 3478 1231 3556 recessit,
1267 3500 1327 3543 nec
1359 3483 1486 3544 certum

428 3590 447 3616 “
473 3579 568 3647 nobis
590 3584 641 3644 est
664 3579 797 3665 quando
821 3580 956 3645 domum
980 3582 1196 3647 revertatur.''

476 3682 609 3748 Interea
631 3702 709 3745 vero
733 3682 824 3746 canis
854 3682 1075 3760 domesticus,³
1106 3684 1274 3769 plausibus
1304 3684 1488 3750 ululatibus
1501 3686 1557 3737 Tne

428 3785 557 3865 mixtis,
593 3772 748 3869 mirisque
786 3784 934 3871 gestibus
967 3786 1101 3850 domino
1134 3787 1192 3872 qui
1224 3787 1404 3853 advenerat
1435 3788 1488 3853 vel
1500 3754 1655 3887 liiididby

427 3887 580 3953 alludens
603 3886 656 3951 vel
679 3907 890 3971 conquerens,
922 3891 991 3950 tam
1022 3889 1131 3974 ipsum
1165 3909 1263 3973 quam
1295 3911 1407 3955 omnes
1431 3890 1488 3975 qui
1501 3889 1581 3952 &⁶¹⁰8-

427 3990 630 4057 adorantia
652 3989 906 4053 admirationem
930 3991 1059 4075 agebat.
1115 3980 1333 4056 Recedentein
1357 3992 1488 4056 demum

428 4114 501 4159 non
524 4092 645 4157 deserit
668 4092 758 4156 canis
781 4090 975 4171 dominnm;
1001 4092 1058 4157 sed
1081 4092 1188 4179 ipsum
1212 4093 1397 4173 comitatus,
1425 4094 1489 4179 ipsi

428 4194 648 4260 obambulans
678 4216 766 4258 nunc
796 4195 889 4279 quasi
925 4195 1137 4281 amplexurus
1170 4197 1310 4282 erigitur
1340 4198 1375 4261 in
1406 4218 1490 4262 eum>

429 4318 522 4365 nunc
559 4297 627 4363 solo
667 4301 861 4383 prostratus,
901 4304 1088 4383 terramque
1126 4300 1294 4385 unguibus
1332 4300 1487 4386 scalpens,

428 4399 604 4489 questibus
626 4406 661 4465 et
686 4399 871 4464 ululatibus
898 4406 1002 4466 vacat.
1063 4401 1196 4477 Milites,
1220 4404 1277 4486 qui
1304 4403 1374 4467 lucc
1397 4402 1488 4467 vide-

433 4591 721 4600 *σῇ-...ημ-
739 4592 758 4596 ..
779 4591 879 4597 -.-...-.
896 4590 1049 4596 -...—.—
1076 4589 1396 4598 ..ηρ-...ᾖ
1431 4594 1457 4598 -

467 4701 474 4728 ¹
487 4694 607 4762 adulteri]
628 4696 663 4747 So
675 4697 718 4746 the
731 4697 787 4746 MS.
820 4698 875 4748 The
887 4699 938 4747 col·
984 4704 998 4726 “
1010 4700 1149 4762 cujusdam,
1161 4715 1220 4751 eum
1231 4717 1281 4764 quo
1298 4702 1417 4753 moechnri
1428 4718 1487 4751 con-

431 4777 545 4829 location
558 4777 588 4827 ci
604 4778 648 4826 the
660 4778 741 4826 words
757 4792 837 4827 seems
853 4785 880 4827 to
897 4779 940 4826 cle·
984 4787 998 4806 ⁸·
1012 4784 1134 4836 suevcrat,
1146 4780 1255 4831 nefando
1266 4780 1387 4830 auxilio.’'

430 4856 565 4909 mandthe
582 4854 826 4913 ablativaadultero.
861 4854 937 4904 Adul-
1017 4856 1184 4923 ξΙνυιοτεεωί]
1211 4859 1350 4922 ignotescit
1367 4860 1392 4908 ln
1410 4860 1485 4916 MS:

430 4938 482 4987 teri
489 4950 548 4999 may
558 4936 589 4984 be
597 4934 716 4984 intended
727 4934 767 4983 sor
775 4949 806 4983 nn
819 4935 940 4991 ablativa
985 4952 1013 4985 so
1024 4953 1110 5001 supra,
1121 4954 1145 5001 p.
1158 4944 1181 4988 3.

428 5033 461 5069 or
473 5015 582 5081 perhaps
592 5016 635 5064 the
647 5015 730 5063 words
742 5029 785 5063 ars
796 5014 941 5078 misplaced,
1019 5017 1028 5045 ³
1040 5016 1193 5081 douresu'cns]
1215 5017 1356 5067 domesticis
1369 5017 1394 5066 in
1408 5018 1465 5071 MS.

430 5098 486 5150 and
500 5096 543 5147 the
558 5094 628 5161 right
639 5094 745 5160 reading
757 5094 786 5150 is,
807 5099 823 5124 ‘⁴
835 5094 940 5145 adulteri
