4125 6334
701 1240 705 1246 ‚
803 1181 906 1230 arnan
929 1181 977 1243 1v,
1001 1181 1073 1231 cnr.
1089 1181 1151 1232 xn.
1431 1169 1495 1231 205

445 1357 623 1437 valentem,
639 1356 728 1441 quod
750 1355 944 1421 ludentibus
959 1378 993 1420 se
1016 1356 1211 1432 miscuisset,
1227 1355 1277 1419 ita
1297 1353 1498 1440 increpitat:

447 1468 463 1492 “
488 1460 517 1523 O
541 1457 604 1536 te,'’
637 1459 759 1544 inquit,
794 1458 1010 1545 “principem
1043 1458 1216 1544 insignem,
1239 1462 1274 1521 et
1297 1457 1410 1544 populi
1434 1456 1498 1521 Dei

447 1570 464 1595 “
488 1568 661 1626 strenuum
685 1561 896 1648 provisorem,
920 1561 978 1647 qui
1000 1567 1146 1627 mentem
1169 1560 1294 1647 regiam
1310 1559 1499 1646 hujusmodi

446 1673 463 1698 “
486 1664 620 1751 ineptiis
642 1664 810 1730 enerviter
830 1664 979 1751 subigis!
1025 1662 1090 1730 cui
1112 1683 1208 1728 omne
1232 1663 1312 1729 vitas
1336 1668 1405 1728 tuae
1431 1683 1501 1726 mo·

446 1772 465 1801 “
489 1770 640 1831 mentum
663 1767 723 1831 vix
745 1766 917 1844 sufficeret,
939 1772 980 1831 ut
1002 1788 1042 1831 ea
1064 1766 1268 1852 excogitares
1293 1786 1367 1851 quse
1389 1765 1427 1828 in
1450 1786 1500 1829 rc·
1546 1783 1575 1827 or
1589 1780 1629 1827 u*

446 1877 465 1903 “
488 1869 612 1955 girmrm
634 1891 677 1934 ne
700 1868 951 1956 derelinqueres,
966 1868 1020 1934 vel
1035 1868 1129 1955 regni
1143 1867 1350 1933 utilitatibus
1365 1868 1499 1944 deesse,

447 1981 465 2006 “
489 1972 652 2037 instruere
674 1994 713 2038 ac
736 1972 865 2036 munire
887 1970 1081 2057 potuissent,
1098 1971 1262 2056 quomodo
1285 1971 1321 2035 in
1336 1970 1388 2035 his
1405 1970 1500 2036 vanis

446 2082 464 2107 “
487 2073 742 2160 implicamentis
765 2080 800 2139 et
821 2079 953 2160 tempus
975 2074 1142 2161 expendis,
1157 2080 1192 2140 et
1214 2074 1362 2163 vigorem
1378 2074 1500 2139 mentis
1553 2145 1554 2148 Ἴ

445 2184 464 2211 “
487 2176 681 2242 indecenter
701 2174 886 2242 resolvisl'’

491 2277 559 2344 Hic
581 2280 683 2343 etiam
705 2278 794 2344 inter
822 2278 972 2344 consules
1001 2300 1040 2343 ac
1069 2278 1197 2344 nobiles
1227 2279 1317 2345 viros
1347 2300 1434 2365 saepe
1464 2277 1500 2342 in
1513 2286 1659 2339 Histoire

447 2381 539 2466 regia
578 2401 709 2468 quoque
743 2380 872 2467 positus
910 2381 1073 2457 concione,
1111 2381 1200 2445 horis
1238 2381 1428 2447 solennibus
1458 2356 1669 2485 adffiffim

446 2483 629 2548 orationem
651 2483 688 2548 in
710 2489 838 2570 partem
861 2484 1008 2549 secedere
1023 2485 1213 2564 consuevit3
1235 2485 1395 2570 flexisque
1409 2484 1646 2570 geni-osanne·-

446 2584 516 2661 bus,
533 2591 594 2649 aut
616 2589 690 2651 toto
712 2586 750 2649 in
772 2591 896 2650 terram
919 2590 1086 2672 prostrato
1101 2606 1242 2672 corpore,
1258 2607 1332 2651 cum
1348 2586 1501 2669 lacrymis

447 2693 483 2751 et
513 2687 716 2773 singultibus
747 2687 897 2753 divinam
932 2687 1108 2773 implorare
1140 2688 1357 2753 clementiam.
1405 2687 1501 2768 Quod
1512 2701 1583 2750 Even
1596 2700 1623 2749 in

447 2789 528 2852 dum
559 2810 646 2875 saepe
677 2788 713 2853 in
747 2790 871 2876 campis
893 2789 947 2853 vel
980 2789 1095 2876 pratis,
1126 2794 1187 2855 aut
1209 2791 1394 2876 quibusque
1423 2790 1501 2855 locis
1512 2768 1602 2897 ἓξὲξ

446 2890 594 2975 publicis,
610 2890 672 2954 sub
695 2895 830 2977 aspectu
851 2895 1045 2956 cunctorum
1069 2890 1199 2969 faceret,
1215 2914 1236 2956 a
1250 2891 1319 2956 suis
1333 2892 1501 2957 interdum
1539 2975 1541 2979 Α

446 2992 655 3057 familiariter
676 2993 924 3079 corripiebatur,
940 2994 1164 3059 asserentibus
1179 2993 1269 3080 quod
1292 2993 1501 3081 hypocrisim,

446 3100 507 3160 aut
529 3095 718 3161 cenodoxiae
742 3095 874 3172 vitium,
888 3095 959 3161 hae'c
982 3094 1128 3161 redolere
1143 3118 1218 3182 quae
1245 3096 1365 3183 agebat
1387 3120 1408 3162 a
1430 3096 1502 3184 plu·

446 3198 541 3261 rimis
562 3197 758 3263 dicerentur.
804 3197 860 3262 Ad
875 3219 950 3283 quae
967 3198 1019 3262 vir
1042 3199 1327 3265 constantissimus
1351 3200 1387 3265 in
1410 3199 1502 3265 nullo

445 3299 578 3385 penitus
601 3300 817 3365 movebatur:
842 3298 1046 3364 stillantibus
1061 3321 1140 3364 vero
1162 3322 1222 3387 per
1241 3322 1343 3388 genas
1358 3300 1501 3366 ubertim

445 3401 608 3485 lacrymis,
623 3401 763 3466 verbum
785 3400 944 3466 memoria
958 3400 1096 3488 dignum
1115 3402 1325 3489 proferebat:
1350 3412 1366 3436 “
1376 3401 1504 3479 Absit,”

447 3503 609 3589 inquiens,
633 3512 649 3537 “
661 3503 759 3577 absit,
774 3509 814 3569 ut
837 3502 1012 3590 proditoris
1035 3504 1169 3569 crimine
1185 3503 1352 3569 ullatenus
1367 3504 1503 3591 polluar,

447 3615 465 3639 “
490 3606 571 3669 mibi
594 3606 782 3693 usurpando
812 3605 951 3693 gloriam
975 3604 1113 3671 Domini
1144 3606 1217 3672 mei.
1265 3606 1302 3673 si
1335 3607 1438 3672 adoro
1469 3612 1504 3672 et

447 3717 466 3742 “
489 3729 588 3773 exoro
603 3707 712 3773 Deum
728 3729 847 3785 meum,
870 3730 938 3773 non
953 3708 1036 3773 mihi
1051 3709 1221 3795 peccatori,
1236 3710 1293 3775 sed
1309 3709 1352 3774 do
1365 3709 1502 3797 gloriam

448 3815 466 3844 ‘⁴
491 3815 605 3875 sancto
629 3811 699 3895 ejus
722 3817 757 3875 et
778 3810 921 3896 glorioso
943 3810 1098 3876 nomini.'’

496 3912 560 3979 Oui
582 3912 718 3978 tandem
746 3912 942 3977 Lodovvicus
965 3934 1032 3991 ren,
1057 3934 1140 3990 cum,
1168 3913 1393 3979 lerosolimam
1418 3913 1502 4001 peti·
1515 3916 1583 3968 Μ).
1598 3924 1669 3970 ¹1⁴⁰·

447 4021 556 4092 turus,
572 4016 613 4081 de
628 4014 764 4081 consilio
779 4020 973 4101 magnatum
989 4036 1123 4080 suorum
1147 4016 1330 4080 custodiam
1354 4015 1502 4102 delegare

449 4118 557 4210 totius
578 4116 673 4204 regni
688 4116 740 4181 sui
755 4115 955 4203 disponeret,
969 4116 1027 4206 ille
1043 4138 1126 4181 onus
1150 4115 1254 4182 oblati
1282 4118 1413 4182 honoris
1430 4102 1501 4183 'car-

450 4220 519 4285 lide
541 4220 716 4307 refugiens,
732 4219 899 4285 asserebat
913 4240 947 4284 se
961 4218 998 4283 in
1014 4219 1103 4283 votis
1121 4217 1319 4304 jamdudum
1342 4219 1502 4298 habuisse,

449 4328 491 4387 ut
512 4344 640 4387 crucem
662 4328 807 4388 sumeret
829 4326 864 4386 ct
891 4320 1118 4387 Ierosolimam
1140 4320 1301 4387 visitaret.
1348 4322 1422 4403 Quo
1442 4345 1503 4388 rex

449 4424 567 4489 audito
590 4424 705 4489 hilaris
720 4422 869 4499 efficitur,
885 4444 945 4488 nec
967 4422 1133 4488 modicum
1156 4422 1311 4489 exultans
1326 4426 1413 4511 quod
1427 4434 1502 4490 tan-

450 4532 526 4592 tum
549 4526 659 4591 virum
691 4548 760 4591 suae
790 4524 1067 4612 peregrinationis
1097 4526 1250 4591 comitem
1280 4549 1314 4592 se
1339 4528 1504 4594 invenisse

449 4632 603 4715 speraret.
649 4628 812 4715 Praecepit
826 4650 905 4693 vero
928 4628 1096 4713 quatinus,
1117 4626 1185 4692 suis
1208 4630 1361 4694 omnibus
1378 4632 1504 4695 concite

449 4732 629 4817 dispositis,
661 4737 777 4796 votum
809 4752 907 4794 suum
938 4729 1119 4817 adimplere
1150 4736 1338 4797 maturaret.
1386 4732 1461 4809 Qui,
1484 4735 1663 4795 aBecomena

449 4855 526 4919 rege
549 4834 712 4909 dimissus,
739 4832 854 4897 amicis
876 4831 943 4897 suis
969 4832 1175 4910 valefaciens
1209 4832 1396 4899 Cartusiam
1430 4807 1645 4929 pro-:usstiissssr'

449 4936 556 5001 fectus
578 4942 649 5016 est;
672 4934 784 5021 ibique
799 4934 911 5000 balteo
933 4933 969 4997 in
992 4933 1185 5012 funiculum,
1200 4941 1235 5000 ct
1257 4934 1358 4999 serico
1373 4940 1503 5000 mutato
1516 4936 1627 5001 lay-bro·

450 5038 489 5103 in
514 5059 637 5125 sagum,
662 5038 752 5104 inter
777 5057 950 5104 conversos
973 5058 1050 5103 vere
1076 5037 1198 5103 meruit
1219 5036 1420 5121 computari3
1443 5036 1501 5103 ubi
1515 5002 1665 5119 ‘effigium

1516 5135 1672 5187 Chartrcuse.
