4125 6334
823 1174 927 1223 nmen
951 1175 981 1235 v,
1004 1171 1075 1223 car.
1100 1174 1136 1223 11.
1431 1160 1495 1224 235

446 1349 517 1427 Dei,
542 1350 599 1436 qui
618 1349 817 1436 jampridem
844 1351 887 1415 ad
915 1350 1095 1414 Dominum
1119 1349 1285 1436 migrarat,
1311 1349 1496 1434 subrogare,
1510 1353 1668 1453 &5233ng

444 1453 554 1517 visum
585 1458 635 1517 est
665 1458 759 1518 nocte
790 1453 932 1538 quadum
965 1474 1023 1538 per
1053 1474 1202 1539 soporem
1232 1452 1337 1516 nobili
1367 1452 1495 1516 cuidam
1511 1455 1660 1549 {fflssff‘w'

448 1555 673 1642 religiosaeque
710 1560 879 1631 matronae,
910 1555 997 1641 quod
1032 1561 1179 1620 cerneret
1207 1555 1401 1641 praedictum
1432 1555 1497 1620 Dei
1512 1557 1615 1601 mesu.

446 1659 606 1723 famulum
629 1658 816 1746 pontificem
840 1661 1068 1736 memoratum,
1097 1658 1289 1723 ambitionis
1312 1661 1395 1724 aestu
1426 1680 1497 1723 sue·
1569 1655 1608 1703 ⁷4

446 1784 588 1842 censum,
627 1763 705 1827 dum
745 1784 841 1826 suum
879 1764 1043 1827 niteretur
1079 1762 1293 1827 conscendere
1331 1761 1496 1838 thronum,
1510 1737 1666 1832 illidius

447 1866 543 1950 virga
564 1866 720 1952 pastorali
749 1866 865 1929 durius
898 1865 1095 1951 percussisse
1126 1865 1187 1928 sub
1217 1871 1355 1951 pectore,
1378 1865 1427 1929 ita
1459 1838 1669 1958 utlllibl'llu

446 1968 616 2034 villeretur
630 1970 687 2054 qui
709 1970 813 2033 ictum
832 1974 1008 2056 exceperat
1030 1970 1203 2055 resupinus
1226 1970 1261 2032 in
1283 1975 1406 2033 terram
1429 1991 1497 2033 cor·
1510 1941 1667 1986 Si¹u¹dr⁰w³

445 2072 557 2136 ruisse.
605 2072 706 2136 Facto
728 2094 834 2147 ruane,
858 2094 932 2136 cum
956 2073 1011 2136 illu
1026 2073 1190 2136 somnium
1217 2073 1284 2137 suis
1308 2076 1497 2146 enarrasset,
1510 2069 1594 2182 Βθθιῑῐ]
1606 2071 1637 2118 ⁰s

446 2196 517 2237 ecce
547 2180 663 2239 assunt
692 2173 828 2260 quidam
858 2183 997 2241 mortem
1030 2175 1173 2240 hominis
1205 2175 1303 2253 illius,
1329 2198 1397 2240 non
1426 2175 1497 2239 sine
1510 2137 1654 2255 ξιῗεέἶῗζῃ

447 2280 580 2363 stupore
602 2277 820 2354 audientium,
835 2278 942 2364 palam
967 2278 1169 2344 nuntiantes.
1510 2273 1605 2322 dress.

493 2380 621 2445 Horum
653 2380 756 2466 igitur
785 2379 867 2445 odeo
898 2381 1089 2459 illustrium,
1119 2381 1200 2446 adeo
1234 2379 1372 2445 floribus
1401 2380 1500 2466 hujus

448 2484 564 2548 mundi
585 2484 807 2560 vernantium,
831 2488 900 2547 tam
936 2482 1094 2568 abjectus,
1118 2482 1209 2549 tam¹
1234 2484 1427 2570 repentinus
1450 2485 1501 2548 in-

447 2586 575 2663 teritus,
598 2587 679 2671 quid
701 2586 792 2650 aliud
829 2584 898 2650 haec
930 2586 1112 2651 scientibus
1146 2587 1266 2662 innuit,
1299 2608 1396 2672 quam
1424 2587 1502 2672 jura

446 2689 654 2754 ecelesiarum
677 2695 832 2765 evertere,
849 2710 1026 2774 servosque
1051 2688 1184 2753 Domini
1200 2689 1324 2774 injuste
1339 2689 1501 2765 lacessere,

448 2814 547 2878 supra
570 2793 704 2857 modum
720 2792 899 2857 exitiosum
922 2796 1014 2856 ossei
1059 2793 1183 2855 Verum
1207 2792 1258 2855 his
1273 2813 1332 2877 pro
1355 2792 1501 2857 utilitate

449 2896 627 2981 legentium
652 2895 800 2959 breviter
830 2895 924 2979 quasi
957 2916 1016 2980 per
1051 2915 1218 2960 excessum
1250 2893 1440 2971 intersertis,
1464 2917 1503 2959 ea

452 3022 528 3085 quae
551 3003 737 3084 sequuntur
759 2998 842 3062 serie
865 2998 1060 3064 inconvulsa
1083 2998 1189 3084 stylus
1213 2999 1366 3064 absolvet.

827 3298 1036 3363 Orrrrumur
1060 3298 1126 3363 ΙΙΙ.

449 3478 498 3540 De
513 3474 712 3540 revelatione
728 3474 870 3540 cuidem
886 3473 1006 3540 clerieo
1020 3474 1233 3555 mutrisseim
1248 3477 1311 3561 qui
1325 3474 1369 3540 iu
1383 3475 1503 3560 forata

533 3576 638 3663 ymeri
676 3576 834 3662 otpsterii
867 3576 1034 3643 edicturm
1071 3576 1220 3644 boetiam
1250 3576 1295 3644 ia
1339 3576 1502 3643 matribus

538 3679 688 3766 episcopi
710 3678 805 3745 »videt

1514 3761 1629 3825 Bugden,

495 3841 558 3907 Die
581 3842 733 3927 quadam,
764 3840 963 3906 consistente
993 3841 1142 3928 episeopo
1177 3841 1213 3906 in
1244 3843 1389 3909 manerio
1415 3842 1501 3930 juris
1514 3828 1618 3944 ἓξὲξ

448 3946 501 4009 sui
523 3944 611 4031 quod
634 3944 795 4030 Bugdena
816 3942 1036 4031 nuncupatur,
1059 3949 1224 4010 venerunt
1246 3945 1289 4009 ad
1310 3946 1405 4010 illum
1428 3947 1500 4032 qui·
1514 3962 1633 4013 houseof

449 4048 526 4112 dum
548 4047 707 4123 monaehi,
730 4051 968 4133 praesentantes
991 4047 1021 4112 ei
1044 4046 1088 4111 ad
1110 4046 1370 4112 benedicendum
1392 4056 1500 4115 vestes
1512 4029 1644 4147 ἓξὲξ

449 4148 673 4226 sacerdotales,
689 4152 724 4214 et
739 4149 873 4214 calicem
896 4171 1001 4214 unum
1016 4148 1114 4214 valde
1135 4150 1325 4235 speciosum.
1369 4150 1502 4237 Episco-
1515 4173 1658 4227 smmi

448 4275 511 4340 pus
534 4258 614 4317 tunc
648 4274 669 4316 a
711 4251 881 4338 sepultura
916 4251 1086 4337 cujusdam
1124 4252 1298 4318 servientis
1328 4251 1499 4319 Laurentii
1511 4249 1670 4371 diffidi,

450 4355 699 4422 Bedeiordensis
733 4354 955 4420 archidiaconi
987 4354 1023 4418 in
1056 4353 1222 4419 ecclesiam
1244 4361 1390 4434 venerat,
1412 4378 1502 4423 sacra
1513 4375 1623 4440 brought
1633 4384 1660 4427 to

449 4460 622 4524 missarum
650 4457 799 4523 solennia
822 4456 1050 4523 celebraturus.
1097 4457 1180 4522 Erat
1198 4479 1277 4523 vero
1300 4442 1642 4559 Sabbatumffliffi'

450 4584 515 4648 quo
545 4583 673 4648 semper
710 4560 772 4640 die,
803 4560 831 4625 si
862 4567 1003 4639 vacaret,
1036 4561 1076 4626 de
1110 4561 1207 4627 beata
1241 4561 1305 4627 Dei
1341 4564 1500 4650 genitrice
1513 4575 1574 4625 tion.

451 4664 557 4729 Maria
580 4669 650 4728 tam
682 4657 839 4729 diurnum
862 4685 961 4750 quam
984 4671 1183 4730 nocturnum
1210 4664 1352 4731 officium
1373 4667 1501 4731 solebat
1514 4658 1653 4776 Quas

449 4767 618 4834 celebrare.
665 4765 720 4830 Ad
743 4788 820 4831 eum
843 4788 981 4853 quoque,
1005 4765 1067 4831 sub
1083 4766 1215 4843 dioillo,
1231 4768 1340 4854 plures
1355 4768 1500 4852 undique
1514 4792 1670 4858 celebrating

447 4870 673 4937 confluxerant
708 4868 825 4947 clerici,
851 4869 1079 4935 ecclesiasticis
1101 4870 1289 4936 redditibus
1324 4870 1501 4934 admodum
1514 4858 1671 4993 gesssffiffissy

769 5142 851 5207 ΗΜ]
871 5141 991 5203 SoMS.;
1007 5142 1198 5209 ettam,Pez.j
