4125 6334
538 1098 603 1162 222
759 1106 842 1158 urs
864 1108 889 1157 a
913 1107 1070 1157 nuoours
1092 1106 1362 1159 msoonrmsrs.

630 1570 879 1679 moramur
903 1607 1139 1677 caurum
1162 1608 1290 1676 nram
1315 1610 1499 1694 aarum.

538 1917 729 2006 Capitulum
752 1917 936 1985 l—Verba
962 1915 1117 2004 Hugonis
1143 1917 1184 1982 de
1213 1916 1439 1985 immensitate
1467 1922 1601 1993 divina

581 2024 623 2088 ad
648 2021 817 2088 hominem
842 2019 1036 2086 dilectionis
1083 2018 1134 2084 De
1156 2019 1261 2106 ipsius
1284 2020 1448 2088 immensa
1471 2027 1600 2093 seduli·

581 2130 652 2191 tate
674 2126 759 2191 circa
789 2124 931 2189 officium
961 2121 1138 2209 sepultura
1150 2146 1158 2203 ;
1192 2143 1252 2208 pro
1275 2125 1367 2210 cujus
1396 2130 1600 2198 executione

580 2228 633 2293 bis
656 2228 788 2294 distulit
810 2227 853 2292 ad
876 2225 1030 2292 convivia
1052 2224 1144 2312 regia
1166 2226 1289 2292 venire

537 2327 728 2418 Capitulum
751 2329 895 2395 II.-De
918 2350 1060 2416 paupere
1082 2327 1226 2416 quodam
1249 2352 1341 2395 secus
1363 2331 1455 2396 viam
1480 2339 1599 2402 tumu-

580 2434 649 2499 lato
675 2434 711 2498 in
741 2432 955 2498 Normannia
1015 2431 1066 2496 De
1097 2431 1318 2518 plurimorum
1350 2435 1525 2521 sepultura
1559 2439 1600 2504 in

581 2536 662 2602 urbe
684 2535 864 2601 Lincolnia
918 2535 964 2599 Et
989 2534 1030 2600 de
1053 2534 1196 2621 quodam
1219 2535 1356 2622 praelato
1379 2559 1479 2623 quem
1504 2561 1600 2628 sepe-

580 2639 658 2705 livit
679 2639 715 2703 in
739 2638 1002 2705 Bermundeseia.

537 2737 729 2825 Capitulum
757 2737 921 2804 III.-De
952 2734 1179 2803 revelatione¹
1209 2736 1341 2802 cuidam
1373 2738 1491 2806 clerico
1516 2741 1599 2808 iusi-

580 2849 704 2924 nuata;
729 2842 787 2928 qui
810 2843 846 2905 in
867 2840 972 2907 forma
986 2840 1082 2928 pueri
1096 2841 1246 2925 mysterii
1270 2842 1425 2908 salutaris
1447 2843 1597 2911 hostiam

580 2946 616 3009 in
639 2944 791 3010 manibus
813 2945 956 3031 episcopi
978 2944 1073 3008 vidit

537 3046 741 3134 [Capitulum
765 3046 990 3133 1111.]⁹-1)e
1021 3046 1136 3112 eodem
1160 3053 1365 3112 sacramento
1397 3047 1490 3114 aliud
1521 3057 1597 3118 stu·

580 3150 725 3236 pendum
748 3149 829 3215 satis
855 3149 1061 3227 miraculum,
1086 3148 1175 3236 quod
1202 3151 1238 3214 in
1262 3149 1403 3216 Francia
1425 3154 1597 3241 contigit';

580 3258 615 3318 et
648 3254 815 3319 sententie
847 3251 1071 3319 memorabilis
1101 3274 1200 3338 quam
1231 3251 1333 3340 Hugo
1367 3260 1481 3321 noster
1512 3257 1596 3326 inde

602 3357 727 3422 rotulit.

537 3378 729 3546 Cubitulum
751 3456 889 3523 V.-De
915 3456 1087 3521 simultate
1113 3456 1348 3544 archiepiscopi
1380 3463 1496 3524 contra
1521 3464 1595 3550 epi-

581 3583 723 3647 scopum,
746 3565 880 3646 propter
901 3558 1090 3644 frequentes
1117 3582 1197 3646 quas
1220 3561 1251 3625 ei
1272 3561 1413 3628 faciebat
1436 3564 1596 3633 exhorta

580 3664 695 3727 tiones.
763 3663 814 3727 De
860 3662 1069 3727 solicitudine
1114 3663 1257 3751 episcopi
1307 3665 1342 3729 in
1388 3668 1595 3755 corrigendis

580 3766 725 3830 moribus
759 3764 948 3830 clericorum
980 3766 1118 3831 diocesis
1145 3789 1221 3833 suae.
1278 3768 1329 3833 De
1352 3770 1480 3835 cautela
1502 3773 1593 3860 ejus-

580 3868 655 3933 dem
669 3869 705 3933 in
720 3868 970 3955 praebendarum
986 3869 1166 3935 collatione.
1209 3870 1254 3935 Et
1270 3872 1310 3936 de
1326 3873 1592 3944 contradictione

579 3995 638 4038 sua
671 3973 707 4036 in
740 3971 877 4037 concilio
917 3971 1177 4038 Oxonefordensi
1215 3974 1372 4041 adversus
1401 3976 1593 4046 indebitam

578 4077 663 4165 regis
685 4077 900 4144 exactionem.
945 4076 991 4141 Et
1015 4076 1056 4141 de
1078 4076 1188 4142 furore
1203 4079 1289 4166 regis
1313 4079 1448 4144 Ricardi
1471 4088 1592 4149 contra

539 4256 543 4265 Ι
579 4202 663 4257 eum,
694 4185 729 4244 et
761 4186 875 4245 contra
914 4179 1195 4246 Saresberiensem
1229 4182 1415 4270 episcopum
1446 4185 1592 4253 subinde

578 4284 731 4347 excitato.
785 4283 832 4347 Et
855 4282 996 4369 qualiter
1019 4283 1168 4349 osculum
1191 4285 1221 4349 ei
1244 4308 1303 4351 rex
1325 4287 1432 4374 primo
1460 4288 1591 4357 invitus

578 4391 654 4472 post
676 4387 776 4450 etiam
800 4392 916 4473 sponte
939 4386 1107 4453 obtulerit.

437 4517 468 4562 ·,
533 4488 723 4574 Capitulum
745 4488 1003 4570 VL-Qualitcr
1033 4512 1151 4576 regem,
1181 4491 1366 4557 rationibus
1389 4499 1584 4581 superatum

576 4598 610 4658 et
623 4593 782 4669 sedatum,
798 4594 838 4657 de
853 4594 919 4658 suis
934 4594 1119 4659 excessibus
1140 4595 1366 4682 increpaverit
1407 4596 1584 4677 Quantum

575 4697 638 4763 sibi
660 4698 793 4763 honoris
815 4717 875 4761 rex
889 4697 961 4781 ipsa
983 4719 1063 4762 mox
1078 4697 1132 4764 die
1154 4699 1319 4766 adventus
1334 4700 1387 4764 sui
1409 4701 1589 4789 adipsum

567 5010 741 5077 'revelationd
763 5012 797 5063 So
812 5011 869 5062 Ms.
885 5020 911 5061 at
925 5011 990 5063 head
1008 5014 1040 5063 of
1114 5013 1277 5080 ²Gapialum
1299 5014 1386 5083 IIIL]
1418 5016 1532 5070 Omitted
1557 5021 1588 5073 in

533 5107 586 5157 cap.
598 5098 614 5141 3
626 5094 710 5158 infra3
725 5092 848 5144 relatione
858 5090 926 5143 herc.
1081 5093 1138 5146 Ms.
