4125 6334
600 1122 666 1188 sol
823 1134 905 1185 vrrs
927 1136 952 1185 s
976 1135 1134 1185 nuooms
1157 1134 1428 1184 nruoommusm.

432 1318 512 1370 osche
599 1318 759 1399 coegerat,
793 1311 1036 1377 interveniente
1066 1312 1207 1398 pecunia
1240 1311 1329 1376 hona
1361 1332 1423 1375 suc
1453 1309 1664 1376 redimerent

430 1386 569 1503 {mgr
599 1439 620 1481 a
653 1437 754 1480 manu
785 1413 902 1493 laicali,
937 1415 1007 1500 ipse
1039 1435 1123 1500 pene
1161 1415 1248 1479 solus
1286 1418 1506 1500 spontaneum
1544 1415 1661 1501 potius

431 1520 563 1597 reopemed
599 1518 700 1605 elegit
723 1522 757 1583 et
772 1517 942 1582 diutinum
961 1518 1070 1582 subire
1093 1517 1241 1597 exilium,
1259 1539 1358 1603 quam
1382 1514 1530 1604 sponsae¹
1558 1518 1662 1603 Regis

431 1586 566 1702 &iffi
600 1622 724 1698 aeterni,
748 1624 871 1685 sanctae
894 1620 1049 1685 videlicet
1076 1620 1217 1687 eeclesiae
1247 1618 1445 1698 libertatem,
1469 1620 1513 1684 ad
1535 1625 1658 1685 nutum

430 1719 568 1835 ὣς·
599 1724 686 1810 regis
720 1724 853 1799 terreni,
891 1722 1043 1809 indignae
1079 1728 1244 1809 quantum
1278 1723 1314 1787 in
1337 1744 1372 1788 se
1394 1722 1462 1787 fuit
1495 1722 1658 1809 subjicere

430 1822 553 1916 bypay-'
599 1827 764 1892 servituti.
811 1826 875 1891 Oui
909 1831 1031 1907 tamen,
1059 1824 1160 1911 juxta
1189 1824 1268 1890 fidei
1298 1831 1333 1890 et
1363 1825 1553 1891 devotionis
1586 1847 1657 1892 susc

431 1918 542 2033 3222&
599 1930 764 2010 meritum,
802 1934 890 1994 nutu
927 1927 1042 1995 divino
1079 1929 1133 2016 pie
1177 1927 1381 1993 retributum
1418 1934 1478 2006 est,
1518 1933 1561 1993 ut
1598 1928 1656 2015 qui

507 2001 532 2049 y.
599 2031 736 2097 divitias
780 2032 904 2097 multas
953 2031 1166 2117 amplumque
1208 2031 1366 2097 honorem
1409 2054 1469 2118 pro
1520 2030 1657 2117 justitia

599 2133 794 2220 postposuit,
825 2134 949 2219 absque
979 2137 1061 2198 nota
1092 2132 1258 2198 dedecoris
1289 2138 1325 2198 et
1359 2134 1562 2221 obligatione
1594 2133 1658 2199 cri-

600 2237 707 2316 minis,
746 2235 883 2300 divitias
920 2240 955 2300 et
992 2235 1149 2300 honorem
1193 2257 1291 2322 quem
1337 2235 1457 2300 hahuit
1498 2236 1657 2302 continue

599 2338 795 2417 retinuerit;
824 2336 949 2401 honore
972 2336 1106 2422 quidem
1132 2338 1169 2402 in
1192 2337 1390 2403 immensum
1420 2338 1590 2403 cumulato
1612 2360 1656 2403 ex
1754 2377 1756 2382 ·

599 2445 670 2504 tam
693 2440 878 2504 honorabili
900 2441 997 2518 facto,
1020 2444 1055 2504 et
1077 2440 1208 2505 divitiis
1238 2440 1306 2506 suis
1335 2441 1447 2506 minus
1469 2440 1534 2506 sibi
1557 2462 1655 2526 quam

599 2543 704 2608 cuivis
726 2543 941 2608 residentium
965 2547 999 2607 et
1024 2542 1111 2607 male
1137 2543 1373 2608 redimentium
1395 2542 1558 2609 sociorum
1581 2564 1655 2609 sno

600 2668 673 2710 rum
703 2646 862 2711 hactenus
888 2645 1082 2710 imminutis.
1130 2645 1218 2725 Qum
1249 2645 1305 2709 ille
1335 2666 1466 2731 quoque
1501 2644 1656 2710 exulibus

599 2748 781 2813 liberaliter
809 2746 1062 2826 communicans,
1093 2746 1180 2812 sicut
1210 2748 1363 2813 omnibus
1392 2745 1567 2813 imitandae
1590 2748 1657 2813 vir-

600 2852 684 2914 tutis
720 2851 917 2937 exemplum,
964 2851 1016 2914 ite
1055 2849 1278 2937 compluribus
1323 2849 1515 2916 necessariae
1559 2849 1656 2936 stipis

600 2954 758 3037 praestitit
788 2952 1034 3018 adminiculum.

647 3054 742 3134 Quod
780 3076 840 3119 nos
878 3054 919 3120 de
957 3054 1096 3142 hospite,
1142 3056 1231 3120 tanti
1276 3055 1419 3143 hospitis
1457 3059 1655 3139 susceptore,

601 3179 698 3222 nemo
724 3158 819 3243 quasi
842 3178 900 3243 per
930 3178 1099 3222 excessum
1125 3158 1273 3223 breviter
1302 3179 1499 3223 memorasse
1524 3178 1656 3223 succen-

433 3264 489 3314 The
601 3266 682 3341 seat,
713 3283 788 3326 cum
818 3282 878 3325 nos
919 3283 1050 3346 quoque
1081 3260 1143 3326 sub
1182 3261 1295 3325 eadem
1333 3265 1532 3347 tempestate
1564 3260 1654 3337 dura,

431 3332 578 3463 {iiiffg’ffle
602 3364 761 3428 exulandi
788 3364 981 3429 necessitate
1012 3363 1216 3442 constrictos,
1243 3362 1346 3449 ipsius
1376 3362 1559 3427 liberalitas
1596 3361 1656 3425 tri-

432 3466 560 3522 interciet.
602 3468 739 3530 menstri
777 3466 879 3530 ferme
915 3465 1044 3529 dierum
1080 3465 1202 3530 circulo
1244 3464 1481 3529 humanissime
1525 3464 1655 3541 foverit,
1762 3532 1769 3546 ,

432 3532 577 3596 hospitably
691 3569 697 3581 .
821 3567 827 3580 .
1216 3568 1223 3581 ,
1597 3566 1633 3579 ..

432 3599 589 3647 entertained
602 3569 780 3651 multisque
819 3589 854 3629 m
893 3587 952 3629 suo
990 3588 1099 3630 secum
1138 3567 1287 3653 precibus
1324 3566 1478 3631 detentos
1512 3566 1656 3652 hospitio

432 3664 561 3778 ppthiad
602 3668 778 3731 honorifice
801 3668 998 3732 exhibuerit.
1047 3668 1123 3733 Non
1148 3691 1321 3756 possumus
1344 3670 1466 3755 itaque,
1490 3670 1575 3733 sicut
1597 3690 1656 3732 uec

433 3745 570 3860 foffiily
603 3770 768 3845 debemus,
800 3791 899 3854 quam
940 3770 1084 3835 vidimus
1122 3777 1156 3836 et
1195 3773 1322 3859 experti
1361 3794 1474 3836 sumus
1512 3770 1656 3835 bonitati

432 3862 566 3977 ffiffl
602 3872 674 3957 ejus
711 3871 846 3936 minime
885 3872 1056 3958 perhibere
1094 3876 1331 3939 testimonium.
1389 3874 1456 3937 Sed
1494 3895 1554 3938 nec
1591 3874 1657 3936 ista

433 3995 523 4044 nascio
556 3966 562 3989 '
602 3975 775 4040 scribendo
799 3976 930 4061 longius
957 3976 1139 4041 recedimus
1161 3999 1182 4040 a
1203 3978 1391 4063 preposite,
1423 3976 1481 4062 qui
1505 3975 1656 4062 magistri

434 4064 510 4127 ‘ism'
601 4080 781 4145 recolentes
813 4080 964 4164 insignia,
990 4078 1142 4165 discipuli
1177 4080 1302 4166 pariter
1334 4078 1534 4143 recensenda
1568 4079 1657 4143 aesti-

601 4204 728 4246 mamus
765 4181 936 4265 praeconia.
982 4180 1096 4245 Gloria
1133 4181 1295 4267 siquidem
1334 4181 1439 4268 patris
1478 4186 1529 4244 est
1567 4180 1660 4245 filius

601 4283 739 4369 sapiens,
755 4289 789 4347 et
812 4282 883 4348 laus
907 4283 1059 4370 discipuli
1082 4283 1270 4349 refunditur
1293 4284 1329 4348 in
1352 4283 1555 4369 magistrum.
1603 4281 1660 4348 Sic

601 4394 636 4451 ot
670 4387 862 4452 archilevita
892 4392 1048 4451 strenuus
1082 4410 1178 4452 suum
1216 4394 1358 4453 exornat
1391 4388 1588 4475 episcopum,
1619 4394 1661 4453 ut

602 4490 737 4555 Sixtum
775 4490 984 4569 Laurentius,
1027 4490 1242 4555 Valerianum
1277 4489 1483 4565 Vincentius,
1514 4488 1661 4556 Pontius

601 4615 731 4680 quoque
758 4592 971 4678 Cyprianum.
1011 4593 1139 4658 Revera
1159 4595 1217 4658 sed
1244 4616 1351 4679 neque
1372 4591 1511 4678 Hugoni
1531 4593 1662 4678 gratior

433 4700 566 4751 3J0h114·
602 4720 748 4783 unquam
785 4697 895 4782 gratia
933 4696 1001 4759 ulla
1042 4695 1117 4771 fuit,
1163 4718 1263 4781 quam
1302 4696 1417 4760 videro
1455 4694 1541 4758 filios
1581 4717 1662 4761 suos

601 4799 770 4864 ambulare
801 4799 837 4861 in
867 4798 1026 4876 veritate3
1060 4797 1204 4863 maxime
1228 4799 1255 4862 si
1279 4798 1388 4885 parati
1413 4797 1662 4876 invenirentur,

1532 4982 1650 4989 -———.

954 5090 959 5116 ¹
973 5088 1080 5153 pronae]
1100 5095 1188 5152 sponte
1200 5088 1226 5137 in
1239 5088 1296 5139 MS.
