4125 6334
870 1158 1031 1210 PBEFACR

1369 1146 1477 1213 xxxix

372 1331 377 1342 '
468 1334 536 1399 'l'be
558 1333 691 1400 miracle
713 1336 750 1398 iu
772 1334 925 1420 question
947 1356 1015 1398 was
1039 1334 1096 1399 the
1119 1354 1194 1399 eure
1218 1335 1255 1399 of
1277 1358 1297 1400 a
1320 1337 1476 1401 madman

429 1441 462 1500 at
484 1436 662 1503 Cheshnnt.
709 1436 726 1500 I
750 1436 822 1502 will
844 1436 935 1522 place
957 1436 1015 1502 the
1039 1437 1171 1502 abbot’s
1187 1438 1375 1525 testimony,
1392 1440 1477 1504 circa

432 1541 524 1620 1219,
547 1539 617 1604 side
641 1539 688 1625 by
703 1539 774 1604 side
799 1537 883 1604 with
906 1539 963 1603 the
986 1540 1246 1626 corresponding
1267 1546 1343 1627 part
1366 1541 1402 1604 of
1419 1542 1476 1606 the

429 1647 565 1708 account
586 1641 724 1707 written
746 1641 793 1727 by
815 1663 877 1706 our
898 1640 1019 1705 author
1042 1663 1135 1706 some
1157 1642 1221 1707 few
1243 1664 1338 1727 years
1360 1643 1475 1709 before.

428 1844 487 1899 'lue
521 1846 631 1901 Aenor.
669 1845 735 1902 MS.
769 1845 922 1911 Harleioa,
973 1845 1038 1902 Oua
1064 1846 1198 1902 Aurnoa.
1237 1848 1337 1919 Iasra,
1358 1848 1408 1903 lib.
1435 1867 1473 1915 v.,

566 1930 630 1997 526,
650 1930 706 1999 §Z

462 2039 479 2065 “
496 2038 598 2094 Abbas
623 2037 661 2094 de
687 2038 847 2110 Eynsham,
873 2039 925 2110 qni

431 2124 447 2149 ‘¹
464 2122 630 2194 capellanus
644 2123 702 2179 suit
712 2124 851 2195 Hugonis
863 2123 924 2194 epi·

431 2209 448 2233 “
465 2206 554 2278 scopi,
579 2206 699 2280 juratus
726 2207 816 2273 dicit;
846 2206 925 2279 quod

431 2290 600 2346 “intersint
648 2290 835 2356 Cesterhunt
873 2290 925 2346 nbi

432 2376 449 2400 “
466 2375 619 2445 episcopus
634 2374 710 2446 legit
727 2374 923 2445 evangelium,

433 2459 450 2484 “
469 2458 525 2512 ‘In
536 2459 681 2530 principio
699 2466 764 2515 erat
780 2458 925 2524 verbnm‚'

433 2543 450 2568 “
467 2560 555 2613 snper
573 2543 730 2613 quemdam
747 2549 868 2599 nautam
882 2544 925 2597 fu·

434 2628 451 2651 ‘⁴
467 2626 587 2691 riosnm,
625 2626 710 2698 cnjus
746 2633 835 2699 ceput
870 2627 928 2682 fuit

435 2710 451 2734 “
468 2709 592 2780 ligatum
614 2709 650 2764 ad
671 2716 794 2780 postem,
818 2716 848 2765 et
866 2728 927 2764 ma·

434 2794 452 2817 “
468 2811 520 2848 nus
539 2791 576 2848 ad
594 2792 719 2864 paxillos
738 2800 799 2849 tam
823 2811 841 2847 a
858 2793 926 2847 dex-

435 2878 452 2901 “
468 2877 519 2931 tris
550 2894 639 2947 qnam
675 2894 693 2932 a
728 2877 866 2941 sinistris,
898 2883 929 2931 et

435 3046 451 3068 “
467 3044 505 3099 m
521 3044 595 3100 dicit
612 3044 690 3116 qnod
706 3045 777 3100 dum
794 3045 926 3116 perlege·

436 3128 451 3152 “
468 3134 548 3183 rctnr
566 3128 763 3199 evangelium,
786 3128 925 3193 furiosus,

436 3213 452 3236 “
468 3219 601 3268 evertens
614 3213 719 3267 faciem
731 3212 768 3268 ab
780 3213 925 3283 episcopo,

435 3298 452 3322 “
468 3296 565 3351 emisit
591 3296 725 3367 linguam
751 3314 785 3352 ac
811 3296 837 3351 si
867 3296 927 3367 epi·

436 3382 587 3452 “scopum
629 3380 788 3436 derideret.
844 3379 930 3448 Quod

436 3466 452 3488 “
468 3482 533 3519 cum
545 3465 662 3520 rideret
679 3466 844 3536 episcopus,
858 3464 930 3519 fecit

436 3551 452 3575 “
469 3569 573 3623 aquam
597 3550 791 3614 benedictam,
812 3554 843 3605 et
860 3567 928 3604 eum

436 3635 452 3659 “
468 3634 601 3706 aspersit.
633 3634 673 3689 Et
685 3633 761 3689 vidit
772 3633 851 3704 quod
862 3638 930 3704 post

436 3719 452 3742 ‘¹
469 3719 665 3789 aspersionem
685 3718 785 3773 statim
798 3710 926 3788 ¹quievit:

437 3801 452 3826 ‘⁸
468 3808 498 3857 et
513 3802 707 3857 incontinenti
726 3818 793 3856 curn
812 3799 929 3856 domino

438 3886 453 3909 “
470 3903 520 3940 suo
532 3886 670 3957 episcopo
682 3885 813 3941 recessit.
844 3885 928 3940 Post-

438 3968 454 3992 ⁸¹
471 3969 588 4024 modum
624 3986 659 4023 eo
695 3969 830 4025 veniente
861 3985 928 4023 cum

439 4136 454 4160 “
470 4137 564 4191 vocati
582 4136 703 4191 suerunt
716 4134 816 4199 vicini,
836 4141 867 4191 et
885 4134 928 4189 in·

438 4219 454 4243 ‘¹
471 4220 611 4291 terrogati
630 4219 702 4291 quid
720 4217 876 4275 accidisset
892 4219 929 4274 de

439 4303 455 4327 “
471 4304 655 4359 talisnrioso.
693 4302 928 4374 Responderunt,

440 4387 455 4410 ‘⁴
473 4387 549 4457 quod
572 4404 661 4442 sanus
686 4387 792 4442 fnisset
817 4404 853 4441 ex
877 4387 931 4441 illa

440 4470 455 4492 ‘⁴
472 4469 549 4535 hora,
582 4488 641 4541 qua
667 4488 803 4541 aspersus
834 4471 931 4525 fuerat

440 4554 455 4577 ‘⁸
472 4552 664 4626 abepiscopo.
692 4554 732 4609 Et
743 4560 844 4624 postea
855 4554 930 4610 vixit

440 4636 455 4660 ‘⁴
473 4653 558 4693 sanus
575 4653 629 4709 per
646 4638 755 4692 multos
773 4637 893 4693 annos.'‘

1162 1950 1196 1987 ca
1219 1972 1225 1987 .
1245 1933 1272 1988 9.

1011 2043 1029 2068 “
1050 2040 1106 2097 Die
1137 1950 1263 2111 quadam
1300 2040 1474 2113 (episcopus)

975 2127 994 2151 “
1016 2164 1023 2178 .
1046 2164 1053 2179 .
1075 2166 1081 2179 .
1104 2125 1417 2196 ‚porcestrehuntam
1438 2168 1473 2182 ..

975 2210 994 2236 “
1015 2250 1022 2264 .
1044 2208 1150 2280 agebat
1168 2209 1257 2265 iter..
1280 2250 1286 2265 .
1309 2208 1477 2267 .Cernebat

974 2293 994 2319 “
1013 2292 1154 2348 daemonis
1172 2292 1321 2365 captivum
1339 2293 1476 2366 supinum

975 2379 994 2403 “
1010 2376 1129 2447 jacere3
1165 2382 1254 2448 caput
1283 2378 1321 2432 ad
1350 2383 1474 2448 postem,

974 2462 994 2487 ‘⁶
1013 2478 1117 2516 manus
1136 2460 1269 2532 singulas
1286 2461 1326 2516 ad
1344 2462 1475 2532 singulos

975 2546 994 2570 “
1014 2544 1082 2599 hinc
1118 2544 1187 2600 inde
1221 2545 1355 2617 paxillos,
1386 2546 1476 2601 humo

975 2629 995 2654 “
1015 2627 1104 2683 altius
1124 2627 1242 2693 defixos,
1257 2628 1414 2683 habentem
1432 2646 1476 2683 rc·

977 2712 996 2737 “
1016 2710 1133 2780 ligatas.
1172 2710 1266 2765 Pedes
1286 2728 1402 2781 quoque
1427 2728 1475 2782 pa-

978 2797 997 2821 “
1016 2793 1091 2848 riter
1109 2793 1211 2859 vincti,
1232 2794 1299 2864 palo
1323 2799 1408 2850 erant
1432 2813 1476 2849 as·

978 2881 997 2905 “
1016 2877 1098 2932 tricti
1101 2916 1225 2933 .....
1264 2878 1477 2948 Evangelicum

436 2962 452 2986 “
469 2960 554 3031 pedes
567 2962 706 3017 similiter
722 2961 760 3015 ad
774 2961 925 3033 paxillum.
977 2964 995 2988 ‘⁶

977 3048 996 3072 ‘¹
1018 3046 1115 3117 ‘cipio
1146 3052 1208 3101 erat
1238 3045 1382 3112 verbnm‚'
1412 3065 1477 3118 per-

978 3131 997 3156 “
1017 3147 1148 3194 currens,
1170 3170 1177 3184 .
1199 3171 1206 3183 .
1229 3171 1235 3184 .
1255 3148 1350 3201 usquo
1375 3130 1413 3184 ad
1436 3130 1477 3185 lo·

978 3215 996 3239 “
1017 3230 1085 3267 cum
1115 3212 1166 3267 ubi
1197 3211 1306 3269 dicitur
1335 3213 1477 3268 ‘Plenum

977 3298 996 3323 “
1018 3297 1144 3366 ‘gratiae
1163 3303 1193 3352 et
1209 3297 1366 3362 veritatis,'
1385 3299 1479 3353 erexit

977 3383 996 3407 “
1017 3397 1049 3434 se
1071 3380 1235 3450 episcopus,
1262 3385 1293 3435 ct
1318 3381 1477 3451 patientem

976 3466 995 3491 “
1015 3463 1198 3535 aliquamdiu
1222 3464 1329 3519 tacitus
1347 3464 1478 3519 conside·

977 3549 996 3574 ‘⁶
1016 3547 1109 3603 rabat.
1148 3546 1205 3615 Qui
1223 3553 1343 3619 repente
1363 3547 1395 3601 in
1412 3566 1478 3619 par·

978 3633 997 3657 ‘⁴
1016 3637 1077 3685 tem
1096 3631 1219 3686 alteram
1236 3632 1352 3687 vultum
1372 3631 1408 3686 ab
1426 3631 1478 3687 illo

979 3717 998 3741 ‘¹
1018 3714 1178 3780 declinans,
1222 3716 1355 3787 lingnam
1396 3733 1478 3771 more

979 3798 1226 3854 “subsannantis
1263 3800 1401 3871 produxit
1441 3800 1478 3854 ab

979 3883 997 3909 “
1017 3900 1078 3939 ore.
1151 3884 1232 3939 Tunc
1304 3881 1478 3956 (episcopus)

979 3968 998 3992 “
1018 3983 1126 4037 aquam
1144 3971 1175 4022 ct
1195 3966 1287 4021 salem
1304 3967 1478 4023 benedicens

439 4051 454 4077 “
471 4049 585 4108 domino
597 4051 702 4107 abbate
720 4052 757 4106 dc
769 4052 927 4116 Waltham,
979 4051 998 4077 “

1016 2961 1188 3033 capitulum,
1203 2962 1318 3017 scilicet
1331 2962 1385 3016 ‘Iu
1396 2963 1476 3034 priu-

1018 4056 1107 4121 atque
1132 4051 1334 4116 commiscens,
1354 4052 1480 4123 aspersit

979 4137 998 4161 “
1019 4151 1107 4204 super
1119 4134 1221 4189 illum:
1243 4174 1250 4189 .
1273 4175 1279 4189 .
1302 4176 1308 4189 .
1329 4140 1359 4189 et
1371 4152 1479 4205 equum

979 4220 999 4244 “
1019 4217 1152 4273 ascendit
1169 4222 1258 4289 atque
1276 4216 1421 4274 discessit.
1443 4258 1449 4273 .
1471 4261 1477 4273 .

980 4302 999 4328 ‘¹
1021 4340 1028 4355 .
1050 4340 1057 4355 .
1080 4341 1087 4355 .
1119 4300 1175 4357 Vir
1188 4302 1359 4367 autemille,
1374 4308 1479 4358 extunc

979 4384 1161 4441 “liberatus
1197 4403 1215 4440 a
1249 4385 1390 4452 daemone,
1412 4428 1419 4442 .
1442 4428 1477 4441 ..

980 4471 999 4496 “
1020 4487 1088 4523 cum
1114 4470 1197 4524 aunis
1225 4469 1338 4541 aliquot
1357 4472 1481 4527 vixisset

980 4555 1000 4580 “
1020 4552 1134 4616 devote,
1166 4552 1223 4608 fino
1259 4554 1376 4609 tandem
1406 4555 1481 4611 bono

981 4638 1000 4664 “
1021 4635 1135 4707 quievit
1164 4636 1195 4692 in
1224 4654 1304 4708 pace.
1342 4640 1417 4695 Haec
1444 4639 1480 4694 dc

980 4722 1268 4778 “consummatione
1315 4724 1406 4789 illius,
1449 4723 1481 4777 in

980 4806 1000 4832 “
1019 4803 1091 4860 villa
1102 4807 1224 4877 praelata
1235 4824 1329 4878 nuper
1347 4826 1365 4861 a
1376 4806 1480 4863 vicinis

979 4891 999 4917 “
1019 4890 1082 4945 suis
1089 4890 1478 4962 accepimusfppaseaso.

1016 4972 1150 5044 “Nuper
1186 4973 1311 5044 contigit
1345 4979 1379 5029 ut
1414 4990 1481 5027 cum

979 5057 999 5083 ‘⁴
1018 5056 1182 5112 venerabili
1200 5057 1273 5121 viro,
1293 5056 1409 5112 domiuo
1433 5057 1482 5111 ab·

981 5142 1000 5167 “
1020 5140 1087 5197 bate
1108 5140 1321 5198 Walthamensi
1345 5140 1480 5208 Ricardo,
