4125 6334
541 1102 607 1167 238
763 1112 846 1164 vrrs
869 1114 894 1164 s.
919 1112 1075 1163 sudoris
1098 1109 1370 1162 nmoonrrnrsrs.

543 1290 560 1317 “
584 1284 721 1351 ‘nullus
745 1289 796 1350 est
821 1305 952 1364 serm03
973 1282 1032 1350 sed
1055 1282 1230 1349 farciendis
1253 1280 1425 1357 crumenis,
1449 1299 1533 1365 quas
1547 1280 1603 1345 vel

541 1392 560 1420 “
585 1386 707 1452 ‘luxus
745 1391 893 1466 evacuet,
934 1385 988 1451 vel
1034 1385 1178 1450 avaritia
1214 1383 1419 1449 solummodo
1456 1382 1603 1470 serugini
1644 1459 1650 1470 .

542 1494 562 1522 “
585 1490 845 1575 ‘contingendas
882 1487 1040 1566 includat,
1069 1492 1144 1552 tota
1177 1487 1402 1552 indesinenter
1436 1485 1603 1551 aviditate

542 1601 558 1625 “
587 1592 738 1656 ‘inhiare
760 1613 828 1657 non
850 1596 987 1657 cessant.
1034 1589 1119 1656 Haec
1134 1596 1167 1655 et
1182 1589 1304 1655 similia
1325 1594 1491 1654 rectorum
1506 1587 1602 1665 vitia,

541 1701 560 1728 “
584 1694 645 1758 ‘in
675 1694 835 1781 regendos
867 1692 1059 1778 contagiosa
1091 1693 1303 1758 aemulatione
1329 1692 1507 1770 transfusa,
1533 1712 1603 1755 om·

543 1805 558 1828 ‘¹
583 1796 699 1860 ‘nium
721 1794 789 1862 fere
811 1801 882 1862 tam
905 1795 1073 1860 minorum
1100 1816 1200 1880 quam
1222 1794 1385 1879 majorum
1408 1792 1602 1880 precordiis

544 1904 561 1932 “
584 1898 831 1965 ‘dominantur
878 1897 970 1963 Hinc
1000 1896 1136 1984 grandis
1169 1895 1261 1962 furor
1291 1899 1327 1962 et
1355 1896 1407 1961 ira
1445 1894 1511 1960 Dei
1541 1895 1604 1960 im·

545 2007 561 2033 “
586 2001 714 2066 ‘minet
744 2006 815 2065 tam
845 1999 976 2087 populo,
1001 2020 1101 2084 quam
1135 1998 1299 2064 universis
1321 1997 1446 2085 pariter
1469 1996 1602 2061 inhabi-

544 2113 559 2136 “
584 2102 774 2167 ‘tatoribus
810 2109 909 2167 terrae
946 2099 1054 2185 hujus.
1116 2098 1201 2167 His¹
1241 2101 1402 2165 festinum
1440 2099 1605 2165 inferetur

546 2212 561 2238 ‘¹
587 2216 594 2240 ‘
609 2205 751 2270 exitium
764 2204 859 2293 genti
873 2203 952 2269 huic
966 2203 1103 2282 miserae,
1118 2203 1147 2267 si
1164 2224 1232 2270 non
1247 2203 1408 2290 anticipet
1422 2202 1606 2268 accelerata

545 2317 561 2339 “
587 2307 765 2372 ‘correctio
794 2306 934 2391 jamjam
956 2305 1152 2394 impendens
1174 2305 1341 2393 flagellum
1363 2304 1507 2371 coelestis
1528 2305 1607 2372 vin·

545 2418 562 2442 “
586 2408 724 2474 ‘diora’

593 2518 609 2546 “
633 2511 698 2576 His
721 2509 829 2591 dictis,
853 2531 927 2595 quae
942 2530 1010 2574 vox
1033 2508 1233 2575 audiebatur
1256 2510 1355 2576 siluit.
1402 2511 1474 2597 Ego
1501 2509 1606 2596 siqui-

546 2624 562 2648 “
587 2616 671 2692 dem,
695 2613 887 2700 priusquam
914 2612 985 2678 haec
1011 2613 1170 2694 audirem,
1193 2611 1346 2699 psalterio
1371 2613 1444 2699 jam
1465 2634 1606 2678 excurso

547 2727 563 2751 “
585 2716 746 2803 usquead
769 2716 984 2781 centesimum
999 2716 1142 2801 primum
1166 2717 1337 2802 psalmum,
1353 2716 1448 2781 flexis
1462 2716 1607 2803 genibus

548 2829 564 2854 “
587 2842 696 2885 coram
716 2819 814 2884 altari
836 2824 957 2883 sanctae
981 2818 1045 2882 Dei
1067 2818 1238 2904 genitricis
1266 2819 1302 2884 in
1326 2820 1506 2884 orationem
1531 2818 1607 2883 ani-

547 2931 563 2957 “
588 2944 679 2987 mum
716 2921 929 2986 vehementer
958 2921 1174 2987 intenderam.
1236 2921 1363 2987 Oborta
1392 2944 1536 3009 namque
1570 2924 1607 2986 in

546 3034 561 3056 “
587 3028 697 3088 mente
724 3044 797 3086 mea
829 3026 963 3108 repente
993 3021 1084 3089 fuit²
1113 3025 1270 3089 memoria
1299 3025 1404 3110 patris
1427 3026 1501 3102 mei,
1524 3030 1607 3089 ante

546 3135 561 3160 “
586 3148 654 3190 non
686 3125 809 3190 multos
843 3147 947 3190 annos
984 3125 1021 3189 in
1061 3130 1150 3191 terra
1189 3126 1506 3212 Hierosolymitana,
1538 3149 1607 3212 quo

547 3238 561 3262 “
587 3228 756 3315 religionis
779 3227 890 3293 studio
910 3234 1109 3317 perrexerat,
1131 3228 1298 3295 defuncti:
1324 3229 1465 3315 indeque
1487 3235 1608 3295 tantus

546 3341 564 3368 “
587 3333 698 3398 subito
713 3332 974 3419 compunctionis
995 3331 1107 3397 fervor
1121 3333 1274 3419 spiritum
1297 3355 1407 3398 meum
1422 3332 1608 3411 absorbuit,

545 3448 561 3471 “
585 3442 632 3516 ut,
655 3437 775 3501 omissa
797 3435 931 3520 penitus
954 3434 1146 3519 psalmodia,
1170 3437 1325 3520 omnique
1352 3437 1495 3522 strepitu
1520 3436 1608 3500 labi-

546 3548 563 3572 “
588 3560 681 3601 orum
711 3558 891 3621 suppresso,
922 3536 1075 3599 undatim
1108 3539 1282 3603 ruentibus
1312 3562 1354 3603 ex
1388 3539 1491 3603 oculis
1523 3539 1609 3603 rivis

548 3648 564 3673 “
590 3641 816 3722 lacrymarum,
856 3637 1125 3722 praecordialibus
1163 3648 1297 3705 tautum
1336 3641 1423 3705 votis
1460 3641 1609 3707 Domino

548 3751 562 3775 ‘·
589 3739 701 3803 vocis³
736 3761 845 3825 preces
878 3739 1086 3804 effunderem.
1145 3744 1273 3808 Audita
1305 3744 1410 3831 igitur
1433 3745 1493 3808 liae
1516 3767 1606 3822 voce,

428 3861 440 3871 ·
488 3894 493 3906 .
549 3852 565 3878 ‘²
589 3866 662 3929 qum
678 3867 699 3906 a
722 3843 871 3927 proximo
887 3844 985 3906 altari
1008 3845 1184 3909 videbatur
1208 3848 1333 3924 emissa,
1349 3849 1417 3911 vim
1432 3870 1609 3933 compunc-

549 3957 563 3981 “
589 3947 696 4023 tionis,
721 3967 795 4031 quic
826 3968 878 4010 me
904 3946 967 4010 sibi
992 3951 1103 4011 toturn
1126 3948 1362 4029 vindicaverat,
1396 3951 1512 4014 horror
1534 3952 1609 4036 qui-

548 4061 562 4082 ·‘
587 4051 662 4114 dam
694 4056 826 4134 stupore
857 4050 983 4113 mixtus
1022 4050 1193 4115 confestim
1225 4053 1417 4132 intereirlit;
1455 4054 1607 4138 coepique

548 4161 565 4187 “
589 4175 714 4216 roccum
739 4152 905 4216 attonitus
929 4154 1051 4228 mirari,
1075 4156 1127 4217 cui
1159 4154 1256 4239 quis⁴
1281 4158 1361 4219 talia
1385 4162 1468 4220 esset
1495 4179 1609 4243 prose—

548 4264 564 4289 ‘²
589 4256 719 4340 quendo
743 4255 877 4320 locutus.
925 4256 1075 4321 Sciebam
1105 4259 1191 4322 enirn
1216 4261 1380 4323 neminem
1405 4264 1526 4345 praester
1554 4282 1608 4323 me

550 4365 566 4392 “
591 4359 739 4422 eominus
766 4360 850 4424 circa
873 4359 979 4423 locum
1002 4360 1110 4446 ipsum
1138 4363 1330 4428 constitisse,
1387 4362 1498 4448 Igitur·
1520 4383 1608 4439 cum,

549 4470 566 4495 “
589 4468 664 4548 post
688 4462 784 4547 longa
799 4463 928 4548 pavide
952 4464 1162 4548 cogitationis
1186 4466 1363 4542 volumina,
1379 4466 1466 4529 vocis
1490 4472 1608 4530 aucto-

549 4574 565 4598 “
591 4588 657 4628 rem
690 4565 911 4650 nequivissem
941 4566 1107 4631 ullatenus
1133 4568 1384 4654 deprehendere,
1409 4569 1609 4654 consignans

584 4743 665 4807 'His]
703 4742 738 4790 So
762 4742 836 4800 MS.;
866 4743 975 4804 perhaps
995 4741 1052 4788 liar
1133 4748 1231 4811 ³cocr'a]
1263 4748 1297 4797 So
1323 4747 1400 4806 MS.;
1424 4754 1467 4795 not
1492 4746 1518 4794 in
1543 4749 1609 4800 Pez.

549 4823 631 4871 would
643 4825 674 4871 be
687 4823 729 4870 the
747 4822 816 4885 right
832 4822 946 4883 reading·
983 4821 1051 4876 Ρθῑ..
1097 4827 1161 4875 Itis
1181 4829 1303 4890 probably
1323 4828 1384 4890 only
1407 4843 1438 4874 an
1463 4842 1605 4879 erroneous

548 4902 672 4956 however.
681 4904 726 4950 lias
736 4901 843 4960 His,but
851 4900 912 4947 with
920 4901 963 4948 the
972 4901 1052 4948 whole
1097 4907 1230 4968 repetition
1243 4908 1273 4955 of
1284 4908 1350 4955 sotir.

549 4991 664 5032 sentence
676 4989 785 5043 corrupt.
1132 4988 1192 5035 ‘cui
1202 4988 1269 5052 quta]
1297 4988 1331 5036 So
1349 4986 1405 5036 MS.
1420 5006 1427 5045 ;
1446 4986 1503 5051 quis
1516 4995 1542 5038 et
1554 4989 1608 5050 eui,

582 5068 591 5093 ²
595 5066 665 5130 fuit]
685 5065 720 5114 So
731 5064 788 5114 MS.
800 5084 808 5124 ς
825 5063 912 5122 fuerat,
923 5063 985 5117 l'ez.
1099 5065 1158 5114 Per.
