4125 6334
600 1139 665 1205 110
821 1150 904 1201 vrrs
927 1152 951 1201 s.
973 1149 1131 1200 scaonis
1153 1149 1424 1201 nrnconmmrsrs.

643 1326 733 1391 Dum
755 1347 834 1391 vero
856 1328 927 1393 haec
948 1329 1126 1412 agerentur
1148 1324 1192 1389 ab
1214 1321 1289 1402 illis,
1313 1324 1414 1411 Hugo
1442 1322 1579 1389 minime
1600 1324 1652 1390 in-

431 1444 531 1510 Hugh’a
598 1430 755 1518 dulgebat
777 1432 861 1497 otiis.
909 1429 1009 1495 Omni
1031 1451 1174 1515 namque
1203 1427 1374 1507 instantia,
1399 1428 1452 1493 die
1475 1432 1651 1514 noctuque,

430 1527 548 1630 {mgr
597 1533 841 1621 compunctioni
879 1533 986 1599 cordis
1023 1554 1062 1597 ac
1097 1532 1238 1619 puritati
1278 1530 1473 1597 incumbens
1509 1531 1651 1596 assiduas

430 1647 541 1725 biscop·
598 1636 765 1715 orationis,
788 1636 994 1724 praeparabat
1019 1656 1088 1700 non
1110 1635 1237 1701 cultum
1266 1636 1484 1722 pretiosarum
1505 1634 1651 1700 vestium

430 1720 561 1764 serratas.
597 1741 640 1806 ad
672 1741 876 1827 jactantiam,
910 1760 968 1805 sen
1001 1759 1156 1805 vasorum
1194 1738 1400 1826 splendorem
1438 1738 1480 1804 ad
1518 1738 1650 1805 inanem

478 1855 487 1872 “
597 1843 743 1932 gloriam,
766 1844 824 1909 sed
846 1843 991 1908 animam
1013 1863 1108 1907 suam
1130 1841 1173 1906 ad
1195 1842 1422 1909 tentationem.
1469 1840 1649 1909 Imminen·

596 1953 665 2012 tem
688 1947 775 2011 enim
797 1969 866 2012 non
887 1946 986 2012 aliter
1000 1945 1199 2031 expectabat
1218 1949 1326 2011 status
1348 1946 1400 2010 sui
1422 1945 1650 2022 mutationem,

597 2072 696 2137 quam
716 2050 861 2116 nubibus
876 2048 1079 2137 conglobatis
1093 2053 1277 2137 suspectam
1291 2055 1396 2114 nauta
1409 2052 1650 2136 tempestatem,

596 2160 657 2220 aut
678 2156 715 2219 in
735 2154 873 2242 longum
887 2153 1025 2218 feriatus
1048 2152 1141 2216 miles
1156 2150 1235 2216 olim
1250 2151 1461 2218 formidatam
1480 2152 1648 2240 agminum

596 2258 766 2323 hostilium
789 2256 1057 2343 congressionem.
1105 2255 1190 2321 Cum
1206 2255 1362 2320 familiari
1384 2275 1462 2320 vero
1485 2255 1650 2343 provisore

597 2367 631 2426 et
653 2359 818 2425 nutritore
841 2381 900 2425 suo
923 2358 1005 2438 Deo,
1028 2357 1070 2423 de
1104 2358 1292 2446 sumptibus
1324 2358 1449 2423 solicite
1483 2357 1650 2424 tractabat

596 2463 786 2529 necessariis
820 2462 863 2527 ad
895 2461 982 2527 diem
1013 2461 1143 2543 festum,
1179 2482 1244 2548 quo
1275 2465 1347 2526 erat
1376 2461 1549 2549 ungendus
1579 2463 1649 2526 oleo

596 2568 742 2633 laetitiae:
778 2566 819 2631 de
850 2564 1047 2652 sumptibus,
1081 2564 1226 2651 inquam,
1261 2586 1328 2631 non
1366 2564 1486 2652 quibus
1518 2571 1649 2630 ventres

596 2672 744 2737 reficeret
766 2670 982 2736 destruendos
1004 2668 1086 2735 escis
1108 2690 1202 2755 aeque
1225 2669 1442 2748 destruendis,
1457 2668 1515 2735 sed
1529 2668 1650 2756 quibus

595 2775 764 2861 ingentem
788 2796 941 2839 sensuum
966 2772 1173 2837 internorum
1200 2778 1235 2837 et
1261 2772 1472 2838 affectionum
1496 2772 1650 2837 multitu·

595 2878 707 2943 dinem
729 2876 912 2943 virtutibus
933 2875 1105 2940 roboraret
1126 2897 1195 2940 non
1216 2874 1399 2941 defecturis.
1454 2874 1550 2941 Nihil
1572 2896 1649 2942 sane

596 2979 756 3046 ducebat¹
781 2978 1006 3056 miserabilius,
1030 2999 1130 3064 quam
1162 2978 1199 3042 in
1231 2978 1284 3043 die
1315 2983 1421 3044 tantae
1442 2977 1650 3045 solennitatis

596 3084 742 3149 exterius
765 3082 896 3168 quidem
923 3080 1130 3148 madescere²
1161 3081 1407 3147 sacramentalis
1429 3080 1492 3147 olei
1514 3083 1650 3170 pingue·

596 3187 682 3264 dine,
699 3186 839 3251 interius
853 3206 932 3250 vero
947 3185 1113 3250 tabescere
1129 3184 1279 3271 squalore
1293 3183 1419 3250 arentis
1433 3185 1648 3252 conscientiae.

597 3290 705 3371 Quam
739 3289 794 3356 ille
828 3290 967 3355 miseriae
999 3289 1243 3354 immanitatem
1273 3309 1455 3375 praecavere
1487 3294 1648 3376 satagens,

595 3395 644 3459 ita
665 3416 701 3459 se
722 3392 842 3479 agebat
865 3391 901 3455 in
924 3391 1152 3479 comparandis
1179 3392 1466 3479 praeparandisque
1490 3393 1590 3479 copiis
1613 3394 1649 3460 in

594 3497 656 3561 hoc
689 3496 797 3581 ipsum
832 3494 1031 3573 necessariis,
1054 3495 1143 3560 acsi
1169 3494 1255 3559 nihil
1287 3499 1382 3573 esset,
1414 3495 1575 3582 quidquid
1606 3496 1649 3560 ab

593 3599 730 3662 ineunte
753 3601 854 3663 aetate
877 3595 981 3660 studii
1012 3602 1048 3661 et
1081 3598 1203 3663 laboris
1235 3597 1318 3664 circa
1352 3598 1388 3663 id
1417 3598 1568 3686 negotii⁸
1592 3621 1648 3664 ex-

593 3701 765 3789 pendisset
823 3699 1051 3764 Versabantur
1081 3706 1241 3787 praeterea
1267 3702 1495 3767 indesinenter
1516 3702 1547 3768 ei
1570 3708 1648 3768 ante

592 3804 714 3868 mentis
736 3802 854 3878 oculos,
877 3823 944 3866 non
971 3802 1181 3870 imminentia
1211 3805 1400 3870 deliciarum
1432 3811 1493 3870 aut
1515 3806 1649 3871 divitia·

592 3929 665 3973 rum
688 3906 850 3993 plerisque
873 3910 989 3993 optata
1010 3907 1182 3985 lenocinia,
1209 3929 1276 3973 non
1299 3908 1473 3995 dignitatis
1506 3914 1565 3973 aut
1592 3932 1648 3996 po-

591 4010 723 4077 testatis
745 4010 948 4088 excellentia,
971 4032 1038 4075 non
1062 4011 1194 4075 demum
1214 4010 1465 4097 obsequentium
1489 4011 1648 4078 sedulitas

470 4118 501 4165 -7
529 4155 533 4164 -
591 4115 739 4194 officiosa,
778 4114 835 4179 sed
877 4136 990 4178 amara
1026 4114 1108 4180 vitae
1150 4114 1418 4200 contemplativae
1463 4115 1646 4202 dispendia,

591 4217 713 4304 quietae
740 4222 774 4281 et
794 4238 915 4282 serenae
941 4217 1167 4283 meditationis
1190 4218 1415 4303 orationisque
1439 4218 1645 4285 detrimenta

591 4320 708 4396 Nem0,
743 4325 782 4384 ut
815 4320 1007 4406 plerumque
1046 4321 1114 4406 ipsc
1152 4320 1247 4385 nobis
1285 4321 1440 4387 secretius
1474 4345 1541 4387 non
1576 4324 1647 4388 sine

590 4421 719 4510 gemitu
758 4421 935 4503 fatebatur,
967 4424 1194 4508 quotidianam
1233 4424 1340 4488 cordis
1378 4424 1448 4510 ejus
1483 4448 1645 4513 exponere

590 4524 751 4590 sufficeret
774 4525 934 4611 agoniam,
959 4548 1025 4611 qua
1048 4525 1240 4591 medullitus
1262 4528 1456 4613 angebatur,
1472 4550 1546 4592 cunr
1569 4551 1646 4594 mox

590 4629 756 4718 perdenda
787 4628 1034 4715 imaginabatur
1056 4630 1225 4696 fructuosa
1247 4631 1373 4697 cellulae
1396 4652 1465 4698 suae
1487 4633 1564 4705 otia,
1588 4655 1646 4719 pro

623 4897 630 4925 ¹
643 4893 759 4961 ducetur]
780 4892 815 4943 So
826 4893 857 4943 B.
869 4893 918 4942 and
930 4892 989 4942 Per.
1002 4912 1009 4950 3
1028 4893 1095 4943 dicr-
1176 4897 1185 4924 ³
1198 4896 1298 4962 negotii]
1319 4896 1355 4947 So
1366 4896 1396 4947 B.
1409 4898 1459 4946 and
1471 4896 1531 4946 Pez.
1545 4918 1551 4954 ;
1570 4914 1646 4963 nego

590 4979 641 5036 bat,
654 4977 682 5027 C.
1141 4976 1213 5036 tium,
1226 4976 1254 5027 C.

623 5058 749 5106 2ιπενίιας
768 5053 861 5118 quidm
881 5051 1038 5118 crudescere]
1058 5053 1093 5103 So
1117 5057 1120 5158 q

590 5136 620 5185 B.
633 5136 683 5184 and
694 5136 770 5193 l'ez.;
787 5133 899 5185 exterius
911 5135 1020 5195 madere,
1034 5132 1062 5183 C.
1116 5171 1119 5198 ,
