4125 6334
598 1159 664 1224 3⁰2
822 1174 900 1222 ιπι
924 1175 949 1223 s
975 1173 1132 1223 sunonis
1155 1173 1430 1225 mammas

598 1349 649 1412 vis
671 1348 793 1412 arctior
814 1348 1020 1413 neoeseitudo
1043 1347 1087 1412 ad
1109 1369 1282 1435 perperam
1307 1348 1390 1434 quid
1421 1347 1594 1436 egendum
1624 1351 1667 1413 ut

598 1450 715 1514 essolet
738 1450 891 1515 animare

643 1551 766 1615 Verum
800 1552 865 1617 iter
896 1551 966 1638 ejus
998 1571 1113 1617 versus
1143 1551 1372 1640 Bur-guadiam
1405 1573 1659 1641 prosequamur.

432 1659 520 1746 Bpehe
547 1727 553 1738 ¹
600 1653 747 1718 Lioentin
776 1655 920 1741 igitura
951 1675 1025 1741 rege
1056 1661 1090 1720 et
1119 1653 1360 1743 arehiepiaoopo
1390 1656 1479 1743 apud
1510 1659 1662 1722 eustrum

432 1727 553 1860 aelz‘lh
599 1756 640 1821 de
663 1756 785 1822 Andeli
808 1757 914 1843 petita
937 1765 970 1823 et
993 1762 1137 1845 aooepta,
1160 1756 1304 1823 nltima¹
1336 1757 1542 1824 (tiernensis
1565 1757 1660 1838 Maii,
1707 1757 1715 1768 '

433 1827 501 1956 llll.
516 1848 586 1938 rabi,
599 1879 673 1944 quae
710 1859 775 1924 fuit
814 1866 934 1946 quarta
970 1859 1053 1925 feria
1090 1860 1308 1938 Pentecosten,
1345 1860 1508 1949 proticisci
1547 1859 1659 1948 ooepit

432 1944 554 2060 Q&
601 1961 696 2040 Quod
719 1984 797 2026 vero
827 1962 972 2048 impetus
1002 1983 1078 2027 eum
1106 1983 1177 2027 non
1206 1963 1317 2028 earnis
1338 1967 1374 2029 et
1402 1963 1588 2051 sanguinis,
1617 1967 1659 2029 ut

433 2076 520 2154 dayjn
599 2065 733 2149 quidam
750 2064 921 2151 vaniloqui
942 2064 1144 2151 garriebant,
1159 2063 1218 2130 sed
1234 2083 1351 2131 revera
1371 2063 1519 2153 Spiritus
1536 2071 1660 2154 ageret,

434 2142 572 2270 xm*
599 2173 638 2232 ut
661 2168 697 2230 in
720 2167 800 2253 ipsis
817 2168 890 2253 jam
912 2168 1058 2253 primum
1087 2165 1302 2234 lervesoeutis
1330 2167 1507 2234 ardoribus
1528 2168 1657 2235 oestatis

310 2303 313 2310 ·
433 2280 588 2328 manenda
603 2271 688 2335 tanti
711 2269 857 2334 laborem
881 2269 1012 2335 itineris
1042 2271 1178 2358 aggredi
1207 2291 1276 2337 non
1306 2272 1448 2352 timeret,
1470 2270 1552 2337 hino
1573 2271 1656 2336 satis

435 2343 581 2411 snrgunsy.
600 2369 739 2452 claruit;
769 2371 859 2457 quod
891 2371 962 2437 loea
995 2378 1183 2438 sanctorum
1216 2373 1374 2459 reliqniis,
1402 2377 1465 2439 eut
1493 2372 1657 2461 religiosis

600 2495 768 2541 servorum
792 2474 854 2539 Dei
884 2476 1104 2541 conventibus
1133 2475 1282 2553 celebria,
1306 2493 1367 2541 nee
1396 2476 1503 2541 solum
1526 2475 1655 2562 inipso

601 2578 719 2644 itinere
751 2580 935 2665 praesontis,
967 2579 1021 2642 vel
1055 2578 1171 2644 itineri
1202 2579 1303 2644 etiam
1339 2579 1507 2666 contigua,
1539 2599 1654 2644 verum

434 2691 562 2742 'menime
601 2702 730 2767 quoquo
752 2680 932 2768 plurimum
963 2685 1091 2746 remota
1120 2682 1263 2746 dovotus
1293 2679 1409 2746 adivit
1456 2681 1546 2762 Quia
1567 2682 1654 2748 enim

433 2759 589 2882 21:222ss
602 2791 731 2870 tempus
752 2784 900 2849 instabat
917 2785 987 2869 jorn
1011 2783 1270 2870 oolligendnrum
1292 2781 1446 2872 frugum
1476 2784 1567 2871 quod
1589 2783 1654 2860 ille,

436 2877 534 2969 llusb‘s
601 2887 697 2950 annis
719 2885 866 2973 singulis,
889 2891 1011 2952 sanotae
1034 2887 1202 2952 vaeationi
1232 2886 1342 2952 dieare
1365 2893 1591 2964 consueverat,
1615 2893 1654 2952 ut

433 2959 547 3088 {2¹:223}
601 2987 681 3054 uum
704 2987 761 3052 aui
791 2988 955 3054 maerim
985 2989 1098 3056 fructu
1128 2990 1298 3070 sumena,
1320 2990 1400 3065 vini,
1423 2993 1459 3055 es
1482 2989 1556 3068 0101,
1578 3013 1654 3056 sua

435 3091 587 3154 hamerina
601 3093 779 3157 exteriores
812 3096 1000 3179 sitagerent
1037 3093 1161 3179 replere
1200 3092 1383 3179 apothecas,
1421 3092 1477 3158 ille
1515 3092 1655 3160 interius

600 3194 828 3283 spiritualibus
852 3195 968 3259 horum
999 3194 1162 3259 bonorum
1192 3196 1295 3282 copiis
1321 3193 1537 3282 multiplicari
1559 3201 1655 3284 potu-

601 3298 699 3378 isset;
729 3296 877 3363 desernit
899 3296 996 3362 modo
1019 3301 1130 3362 totum
1153 3296 1244 3363 illius
1267 3297 1427 3384 temporis
1449 3297 1597 3384 spatium
1618 3297 1654 3362 in

600 3401 752 3488 religiosa
766 3401 961 3487 fatigatione
984 3399 1177 3486 expendere,
1195 3406 1237 3477 et,
1261 3399 1348 3465 sieut
1363 3406 1586 3477 consueverat,
1610 3399 1653 3465 ad

601 3505 743 3569 eeclesiae
766 3525 842 3580 suae,
868 3504 938 3588 agri
965 3501 1119 3567 videlieet
1144 3502 1288 3580 Domini,
1309 3502 1473 3568 culturam
1497 3507 1532 3568 et
1554 3503 1656 3569 satio·

603 3628 687 3680 nem,
710 3611 856 3688 tempore
875 3604 1038 3688 jaciendae
1061 3605 1216 3669 sementis
1239 3605 1353 3670 redire.

435 3718 544 3774 Menan.
648 3707 814 3791 Imprimis
846 3707 957 3791 itaque
989 3708 1077 3793 apud
1114 3708 1328 3773 llleollentum
1362 3709 1514 3773 sunctum
1548 3709 1655 3775 adivit

435 3786 559 3900 l'jclalssfg„
604 3811 633 3874 N
640 3810 782 3875 ioasium.
829 3809 933 3889 erom
966 3812 1159 3898 suppliciter
1181 3816 1366 3889 veneratae,
1392 3833 1471 3876 auro
1499 3812 1601 3877 etiam
1624 3813 1653 3877 ei

439 3919 558 3998 ras-uas
575 3936 589 3968 a
603 3913 722 3990 oblato,
747 3912 788 3977 de
819 3914 925 3999 eapite
956 3915 1059 4001 ipsius
1083 3938 1118 3980 os
1141 3916 1279 4002 insigne,
1303 3914 1392 4001 quod
1422 3915 1576 3980 manibus
1598 3937 1654 3980 ex-

435 3986 573 4101 lssl‘ssallss'lf,
604 4017 708 4081 traxit
734 4018 881 4103 propriis,
905 4039 979 4082 eum
1010 4020 1139 4105 ingenti
1171 4018 1290 4084 laetitia
1319 4022 1521 4097 consecutus,
1546 4017 1655 4083 iturus

435 4118 504 4167 ΜΛ·
604 4120 679 4183 indo
714 4120 854 4194 Parisiis,
893 4120 935 4184 ad
974 4120 1109 4185 beatum
1148 4120 1287 4184 divortit
1325 4119 1520 4184 Dionisium.
1569 4121 1656 4185 Sane

601 4248 675 4290 oum
709 4225 873 4289 niteretur
910 4224 1054 4310 aliquem
1094 4247 1136 4289 ex
1174 4224 1331 4289 dentibus
1369 4224 1460 4289 beati
1495 4221 1657 4303 Nichasii,

602 4328 694 4410 ouius
715 4328 842 4391 nudum
866 4328 902 4393 in
924 4329 1078 4392 manibus
1100 4331 1253 4393 tenuerat
1279 4329 1380 4414 eaput
1402 4325 1656 4402 sanctissimum,

603 4430 750 4505 avellere,
774 4436 808 4495 et
831 4430 893 4494 sibi
917 4453 976 4517 pro
1008 4430 1240 4496 benedictione
1271 4429 1423 4507 retinere,
1446 4452 1506 4495 neo
1529 4429 1563 4494 id
1587 4427 1656 4494 effi-

601 4556 671 4599 eore
695 4534 864 4620 potuisset,
880 4535 972 4598 misit
991 4534 1114 4620 digitos
1137 4535 1293 4598 in'nares
1315 4534 1413 4610 illius,
1430 4556 1504 4619 quae
1527 4556 1658 4621 semper

602 4640 722 4702 bonum
747 4637 872 4704 Christi
896 4638 1027 4702 odorem
1052 4638 1174 4724 spirare
1198 4641 1444 4716 consueverant,
1469 4642 1503 4701 et
1526 4658 1659 4703 summa

599 4764 672 4805 eura
697 4742 855 4807 facilitate
886 4762 989 4804 unum
1019 4741 1138 4805 eduxit
1169 4740 1317 4804 oscillum
1342 4739 1440 4805 valde
1462 4741 1659 4825 speciosum,

600 4845 684 4928 quod
710 4844 866 4928 mautyris
895 4844 1043 4929 geminos
1074 4843 1242 4907 oculorum
1276 4842 1371 4908 orbes
1402 4841 1578 4926 interjectu
1605 4844 1660 4908 sui

637 5060 751 5125 ἰιΙιὶιηιι]
779 5063 814 5109 So
839 5061 914 5116 l'ea.;
933 5058 1022 5121 prims,
1036 5043 1099 5110 MS.
1147 5061 1189 5109 lle
1201 5067 1239 5110 set
1250 5066 1294 5109 out
1305 5075 1338 5109 on
1347 5059 1387 5110 his
1400 5060 1519 5124 journey,
1531 5057 1663 5114 Wednes-

604 5139 778 5203 Whitsunday,
794 5145 864 5200 1200,
876 5149 973 5189 trason
986 5138 1048 5204 May
1061 5145 1100 5191 2⁸.
1147 5141 1205 5204 day,
1218 5138 1281 5203 May
1293 5143 1333 5187 ³1.
