4125 6334
609 1119 674 1181 320
832 1128 914 1177 vrm
937 1129 962 1176 s.
979 1127 1139 1176 ausoris
1161 1124 1438 1175 rrrcoarrrrsrs.

438 1318 480 1367 11e
492 1326 562 1383 stays
607 1297 732 1364 latione
755 1301 953 1387 suscipitur:
977 1302 1133 1387 aquibus
1156 1307 1190 1365 et
1212 1300 1314 1364 biduo
1337 1298 1460 1363 ibidem
1489 1296 1670 1362 detinetur.

438 1386 673 1499 ffiffimffiss
696 1402 828 1466 demum
851 1404 953 1468 tertia
986 1405 1029 1468 ad
1057 1405 1230 1468 canoniam
1262 1400 1418 1486 pervenit
1441 1398 1539 1463 Villae
1563 1398 1671 1464 Bene·

437 1488 579 1593 'rpenoe'to
608 1502 725 1582 dictae3
749 1526 848 1588 quam
871 1505 934 1569 loci
950 1505 1068 1570 incolae
1084 1503 1332 1569 Vilar-benerth
1347 1501 1480 1588 vulgari
1495 1500 1669 1587 appellant

437 1582 534 1699 JJJJJ
607 1604 747 1672 nomine.
794 1605 865 1670 Nec
888 1612 939 1671 est
965 1607 1059 1671 dictu
1082 1606 1185 1681 facile,
1210 1609 1374 1690 quantum
1400 1624 1479 1668 suus
1501 1602 1668 1667 adventus

608 1706 769 1790 praestitit
800 1706 994 1793 tripudium,
1027 1729 1095 1772 non
1129 1708 1235 1771 solum
1270 1705 1415 1790 ejusdem
1446 1703 1510 1769 loci
1541 1702 1667 1781 incolis,

439 1815 595 1894 Giresmem
607 1807 709 1871 immo
733 1813 768 1871 et
790 1810 944 1874 omnibus
967 1809 1220 1894 circumquaque
1246 1807 1374 1872 vicinis.
1420 1805 1526 1870 Dedit
1552 1809 1665 1868 antem

437 1882 587 1998 JJJJJJOS,
607 1909 751 1973 ecclesiae
784 1910 834 1974 illi
867 1911 1110 1987 bibliothecam,
1143 1911 1254 1976 decem
1292 1913 1515 1995 comparatam
1548 1906 1666 1971 marcis

441 2020 470 2063 1⁰
481 2030 571 2066 mares.
608 2012 746 2096 argenti.

438 2122 573 2201 visitabis
654 2112 778 2178 invisit
801 2120 835 2178 et
857 2114 1015 2192 cellulam,
1032 2113 1125 2199 cujus
1149 2117 1189 2178 ut
1211 2111 1457 2198 supradiximus
1480 2109 1664 2195 prioratum

438 2190 586 2305 ffiffffiffiyf
609 2216 776 2297 quondam
801 2216 988 2281 adolescens
1010 2222 1163 2303 gesserat,
1191 2237 1267 2300 quae
1288 2214 1482 2279 nominatur
1504 2212 1548 2276 ad
1572 2232 1666 2276 sanc-

439 2321 572 2399 St-Maxi·
608 2320 682 2379 tum
707 2316 901 2381 Maximum.
959 2317 1001 2381 In
1024 2318 1076 2382 his
1099 2340 1178 2383 vero
1203 2316 1282 2381 locis
1306 2316 1476 2380 vallabant
1500 2334 1577 2378 eum
1601 2313 1665 2377 viri

434 2386 582 2518 ffi'pfl'ss
609 2416 776 2503 decrepiti,
800 2424 834 2482 et
857 2441 950 2483 senes
973 2441 1055 2484 cano
1078 2419 1195 2506 capite,
1218 2440 1303 2482 anus
1328 2417 1429 2481 etiarn
1451 2416 1612 2493 incurvae,
1632 2420 1667 2478 ct

610 2519 764 2584 mulieres
792 2521 889 2585 annis
920 2528 1091 2607 provectae.
1137 2521 1193 2585 Ab
1217 2520 1271 2584 his
1297 2518 1435 2604 Hugoni
1461 2517 1666 2603 applauden-

610 2621 711 2700 tibus,
737 2623 891 2708 Hugonis
922 2625 1115 2688 rudimenta
1146 2623 1235 2686 inter
1267 2621 1407 2696 eosdem,
1431 2618 1525 2683 velut
1558 2618 1668 2682 lilium

609 2724 775 2808 quondam
791 2725 1024 2809 germinantia,
1046 2724 1141 2788 miris
1163 2723 1368 2789 attolluntur
1382 2712 1582 2807 praeconiis.¹
1604 2720 1667 2783 As-

608 2826 764 2890 serebant
786 2828 858 2912 ipsa
881 2848 1011 2912 quoque
1039 2827 1129 2891 illius
1153 2826 1268 2912 primae
1290 2824 1399 2889 adhuc
1420 2823 1533 2887 aetatis
1557 2821 1666 2896 initia,

608 2927 752 3011 quadam
774 2927 886 2993 insitae
909 2928 1046 2994 virtutis
1066 2928 1190 3012 lingua,
1206 2926 1330 2990 suturae
1355 2923 1545 2989 sanctitatis
1569 2923 1605 2986 in
1629 2943 1667 2986 eo

439 3042 563 3107 Agrium
608 3030 848 3114 praenuntiasse
865 3030 1018 3115 insignia.
1066 3034 1112 3094 Aa
1134 3030 1190 3093 ille
1213 3032 1358 3093 castrum
1380 3030 1533 3111 repetens
1555 3025 1669 3089 denuo·

441 3108 552 3159 Avalon.
608 3135 841 3215 praenotatum,
865 3153 933 3195 una
955 3132 1080 3196 ibidem
1102 3136 1199 3196 nocte
1222 3130 1358 3214 quievit·

440 3246 537 3311 Bellay.
654 3232 739 3297 Inde
760 3233 832 3318 jam
854 3232 1010 3299 festinato
1025 3234 1063 3297 in
1086 3233 1243 3319 Angliam
1258 3231 1408 3308 tendens,
1433 3230 1475 3294 ad
1492 3228 1663 3293 Belensem

439 3351 585 3401 Portiones
610 3335 716 3400 altera
738 3336 919 3402 metatione
947 3337 1084 3402 devenit
1107 3337 1232 3401 urbem.
1291 3333 1346 3397 Ibi
1371 3339 1494 3398 cratem
1516 3331 1664 3395 dimidia

441 3419 564 3533 JJJJJJJ
612 3460 729 3502 manus
751 3438 962 3523 praecursoris
987 3437 1135 3514 Domini,
1171 3458 1245 3501 cnm
1272 3435 1387 3520 digitis
1412 3433 1531 3509 tribus,
1555 3432 1665 3495 medio

440 3551 547 3636 nipast,
611 3540 734 3602 scilicet
761 3544 795 3602 et
819 3539 906 3602 binis
937 3539 1155 3615 inferioribus,
1187 3544 1262 3603 cute
1293 3536 1401 3600 adhuc
1428 3532 1558 3599 nitida¹
1592 3556 1664 3596 ves-

440 3618 546 3744 {illidi
611 3640 719 3712 titarn,
758 3640 921 3724 suscipere
959 3641 1082 3703 meruit
1120 3640 1338 3704 osculandam.
1416 3638 1523 3716 Quam
1561 3635 1665 3698 disco-

440 3756 537 3810 patron.
611 3741 747 3824 operire,
772 3741 962 3825 nudamque
984 3743 1106 3819 videre,
1130 3765 1150 3805 a
1165 3742 1317 3828 pluribus
1333 3745 1421 3804 retro
1447 3739 1542 3801 annis
1567 3758 1665 3800 nemo

610 3842 762 3906 audebat.
809 3843 932 3907 Verum
967 3845 1183 3930 pedissequus
1206 3849 1240 3908 et
1263 3842 1400 3907 vernula
1422 3840 1527 3926 ipsius
1553 3838 1665 3923 Hugo,

608 3945 765 4029 peculiari
797 3946 940 4031 flagrans
963 3969 1074 4010 amore
1097 3947 1148 4009 sui
1171 3945 1312 4032 patroni,
1340 3943 1560 4026 fiduciamque
1586 3962 1665 4026 erga

607 4048 714 4133 ipsum
738 4053 855 4113 nactus
878 4049 1078 4126 ulteriorem,
1094 4049 1156 4113 hoc
1170 4049 1274 4112 facere
1290 4046 1426 4109 minime
1448 4042 1643 4108 formidavit
1658 4067 1665 4120 3

609 4151 895 4236 congaudentibus
932 4174 1010 4215 sane
1049 4149 1215 4214 canonicis
1252 4148 1357 4233 ipsius
1389 4145 1542 4223 ecclesiae,
1574 4143 1663 4229 quod

608 4252 718 4314 virum
753 4253 951 4337 reperissent
982 4258 1088 4317 tantae
1118 4250 1285 4336 puritatis,
1314 4249 1370 4334 qui
1402 4247 1462 4311 hcc
1497 4250 1665 4310 attentare

608 4353 801 4435 dignissime
836 4354 1007 4439 potuisset.
1069 4350 1267 4418 Praemissa²
1298 4355 1505 4437 peccatorum
1541 4347 1665 4412 confes-

608 4456 707 4532 sione,
731 4456 939 4521 absolutione
975 4462 1009 4520 et
1044 4456 1195 4520 oratione
1226 4453 1412 4537 subjuncta,
1445 4448 1662 4515 reverendum

538 4607 543 4617 .
607 4557 690 4621 illud
714 4559 946 4635 sanctuarium,
980 4559 1124 4644 tegmine
1159 4558 1332 4633 nudatum,
1364 4554 1489 4619 cunctis
1519 4574 1664 4638 praesen-

606 4659 719 4724 tibus³
745 4661 855 4746 palam
878 4660 1119 4746 inspiciendum
1144 4660 1339 4723 ostenditur.
1386 4658 1480 4744 Ipsos
1505 4654 1666 4740 quidem*

640 4897 753 4962 ¹uitido]
774 4898 897 4956 SoMS.;
915 4896 1003 4956 nitide,
1015 4897 1075 4945 Pez.
1190 4894 1384 4960 'praesenlr'bus]
1416 4894 1450 4945 So
1473 4892 1550 4951 Pez.;
1575 4893 1665 4955 pransi·

637 4977 805 5041 ²I'roemr'ssa]
835 4978 869 5028 So
882 4977 937 5027 MS.
950 4996 957 5035 ;
975 4976 1109 5025 memissa
1157 4976 1281 5034 dentibus,
1294 4974 1350 5024 MS.

604 5056 691 5118 igitur,
704 5058 763 5106 Pez.
1191 5055 1318 5119 ‘quidenq
1339 5055 1374 5105 So
1383 5052 1440 5102 MS.
1455 5072 1461 5109 ;
1479 5066 1588 5114 quoque,
1600 5050 1665 5102 Pez.
