<?xml version="1.0" encoding="UTF-8"?>
<!DOCTYPE html PUBLIC "-//W3C//DTD XHTML 1.0 Transitional//EN"
    "http://www.w3.org/TR/xhtml1/DTD/xhtml1-transitional.dtd">
<html xmlns="http://www.w3.org/1999/xhtml" xml:lang="en" lang="en">
 <head>
  <title>
</title>
<meta http-equiv="Content-Type" content="text/html;charset=utf-8" />
  <meta name='ocr-system' content='tesseract 3.04.00' />
  <meta name='ocr-capabilities' content='ocr_page ocr_carea ocr_par ocr_line ocrx_word'/>
</head>
<body>
  <div class='ocr_page' id='page_1' title='image "./magnavitashugon00dimogoog_0390.png"; bbox 0 0 4125 6334; ppageno 0'>
   <div class='ocr_carea' id='block_1_1' title="bbox 596 1144 1426 1207">
    <p class='ocr_par' dir='ltr' id='par_1_1' title="bbox 596 1144 1426 1207">
     <span class='ocr_line' id='line_1_1' title="bbox 596 1144 1426 1207; baseline -0.012 -1"><span class='ocrx_word' id='word_1_1' title='bbox 596 1144 661 1207; x_wconf 82' lang='lat'>308</span> <span class='ocrx_word' id='word_1_2' title='bbox 817 1151 899 1199; x_wconf 85' lang='lat' dir='ltr'>vrm</span> <span class='ocrx_word' id='word_1_3' title='bbox 922 1153 947 1199; x_wconf 89' lang='lat' dir='ltr'>s.</span> <span class='ocrx_word' id='word_1_4' title='bbox 971 1150 1129 1199; x_wconf 80' lang='lat' dir='ltr'>nuceum</span> <span class='ocrx_word' id='word_1_5' title='bbox 1153 1149 1426 1198; x_wconf 79' lang='lat' dir='ltr'>mucommusrs.</span> 
     </span>
    </p>
   </div>
   <div class='ocr_carea' id='block_1_2' title="bbox 429 1320 1661 3337">
    <p class='ocr_par' dir='ltr' id='par_1_2' title="bbox 595 1320 1660 1412">
     <span class='ocr_line' id='line_1_2' title="bbox 595 1320 1660 1412; baseline -0.008 -22"><span class='ocrx_word' id='word_1_6' title='bbox 595 1326 709 1412; x_wconf 92' lang='lat' dir='ltr'>cipem‚</span> <span class='ocrx_word' id='word_1_7' title='bbox 733 1325 868 1389; x_wconf 86' lang='lat' dir='ltr'>beatum</span> <span class='ocrx_word' id='word_1_8' title='bbox 899 1325 971 1389; x_wconf 89' lang='lat' dir='ltr'>dico</span> <span class='ocrx_word' id='word_1_9' title='bbox 995 1325 1191 1399; x_wconf 83' lang='lat' dir='ltr'>Antonium,</span> <span class='ocrx_word' id='word_1_10' title='bbox 1216 1323 1374 1389; x_wconf 89' lang='lat' dir='ltr'>orationis</span> <span class='ocrx_word' id='word_1_11' title='bbox 1403 1320 1513 1406; x_wconf 84' lang='lat' dir='ltr'>gratia</span> <span class='ocrx_word' id='word_1_12' title='bbox 1548 1320 1660 1405; x_wconf 89' lang='lat' dir='ltr'>primo</span> 
     </span>
    </p>

    <p class='ocr_par' dir='ltr' id='par_1_3' title="bbox 596 1423 1661 1511">
     <span class='ocr_line' id='line_1_3' title="bbox 596 1423 1661 1511; baseline -0.007 -20"><span class='ocrx_word' id='word_1_13' title='bbox 596 1426 728 1492; x_wconf 76' lang='lat' dir='ltr'><strong>studuit</strong></span> <span class='ocrx_word' id='word_1_14' title='bbox 751 1427 787 1488; x_wconf 90' lang='lat' dir='ltr'>in</span> <span class='ocrx_word' id='word_1_15' title='bbox 808 1447 867 1490; x_wconf 87' lang='lat' dir='ltr'>suo</span> <span class='ocrx_word' id='word_1_16' title='bbox 883 1447 949 1511; x_wconf 92' lang='lat' dir='ltr'>quo</span> <span class='ocrx_word' id='word_1_17' title='bbox 964 1426 1174 1490; x_wconf 71' lang='lat' dir='ltr'>celeberrime</span> <span class='ocrx_word' id='word_1_18' title='bbox 1190 1425 1309 1490; x_wconf 91' lang='lat' dir='ltr'>colitur</span> <span class='ocrx_word' id='word_1_19' title='bbox 1324 1423 1466 1487; x_wconf 88' lang='lat' dir='ltr'>oratorio</span> <span class='ocrx_word' id='word_1_20' title='bbox 1482 1428 1661 1507; x_wconf 83' lang='lat' dir='ltr'>expetere3</span> 
     </span>
    </p>

    <p class='ocr_par' dir='ltr' id='par_1_4' title="bbox 597 1523 1660 1615">
     <span class='ocr_line' id='line_1_4' title="bbox 597 1523 1660 1615; baseline -0.008 -22"><span class='ocrx_word' id='word_1_21' title='bbox 597 1537 632 1593; x_wconf 90' lang='lat' dir='ltr'>et</span> <span class='ocrx_word' id='word_1_22' title='bbox 654 1528 865 1615; x_wconf 88' lang='lat' dir='ltr'>postmodum</span> <span class='ocrx_word' id='word_1_23' title='bbox 900 1528 1027 1593; x_wconf 80' lang='lat' dir='ltr'>Christi</span> <span class='ocrx_word' id='word_1_24' title='bbox 1062 1527 1207 1592; x_wconf 87' lang='lat' dir='ltr'>militum</span> <span class='ocrx_word' id='word_1_25' title='bbox 1239 1527 1396 1603; x_wconf 85' lang='lat' dir='ltr'>cohortes,</span> <span class='ocrx_word' id='word_1_26' title='bbox 1429 1523 1529 1608; x_wconf 85' lang='lat' dir='ltr'>hujus</span> <span class='ocrx_word' id='word_1_27' title='bbox 1551 1523 1660 1586; x_wconf 89' lang='lat' dir='ltr'>instar</span> 
     </span>
    </p>

    <p class='ocr_par' dir='ltr' id='par_1_5' title="bbox 429 1623 1658 2526">
     <span class='ocr_line' id='line_1_5' title="bbox 596 1623 1658 1695; baseline -0.007 -1"><span class='ocrx_word' id='word_1_28' title='bbox 596 1630 689 1695; x_wconf 88' lang='lat' dir='ltr'>ducis</span> <span class='ocrx_word' id='word_1_29' title='bbox 724 1629 840 1693; x_wconf 87' lang='lat' dir='ltr'>eximii</span> <span class='ocrx_word' id='word_1_30' title='bbox 874 1630 1090 1693; x_wconf 72' lang='lat' dir='ltr'>observantes</span> <span class='ocrx_word' id='word_1_31' title='bbox 1120 1628 1327 1693; x_wconf 85' lang='lat' dir='ltr'>vastissimas</span> <span class='ocrx_word' id='word_1_32' title='bbox 1362 1625 1463 1691; x_wconf 89' lang='lat' dir='ltr'>eremi</span> <span class='ocrx_word' id='word_1_33' title='bbox 1495 1623 1658 1690; x_wconf 85' lang='lat' dir='ltr'>stationes</span> 
     </span>
     <span class='ocr_line' id='line_1_6' title="bbox 430 1726 1657 1834; baseline -0.007 -37"><span class='ocrx_word' id='word_1_34' title='bbox 430 1731 562 1834; x_wconf 54' lang='lat' dir='ltr'>ffiijffi</span> <span class='ocrx_word' id='word_1_35' title='bbox 596 1731 695 1796; x_wconf 88' lang='lat' dir='ltr'>adire.</span> <span class='ocrx_word' id='word_1_36' title='bbox 743 1730 893 1795; x_wconf 86' lang='lat' dir='ltr'>Divertit</span> <span class='ocrx_word' id='word_1_37' title='bbox 915 1731 1028 1815; x_wconf 89' lang='lat' dir='ltr'>itaque</span> <span class='ocrx_word' id='word_1_38' title='bbox 1051 1732 1180 1795; x_wconf 90' lang='lat' dir='ltr'>dierum</span> <span class='ocrx_word' id='word_1_39' title='bbox 1203 1729 1307 1794; x_wconf 89' lang='lat' dir='ltr'>trium</span> <span class='ocrx_word' id='word_1_40' title='bbox 1330 1728 1448 1793; x_wconf 90' lang='lat' dir='ltr'>itinere</span> <span class='ocrx_word' id='word_1_41' title='bbox 1462 1749 1483 1791; x_wconf 92' lang='lat' dir='ltr'>a</span> <span class='ocrx_word' id='word_1_42' title='bbox 1505 1726 1563 1790; x_wconf 86' lang='lat' dir='ltr'>via</span> <span class='ocrx_word' id='word_1_43' title='bbox 1582 1746 1657 1809; x_wconf 77' lang='lat' dir='ltr'>quae</span> 
     </span>
     <span class='ocr_line' id='line_1_7' title="bbox 430 1827 1657 1932; baseline -0.007 -33"><span class='ocrx_word' id='word_1_44' title='bbox 430 1833 559 1932; x_wconf 60' lang='grc' dir='ltr'>ξξξξξξξζ</span> <span class='ocrx_word' id='word_1_45' title='bbox 598 1833 739 1898; x_wconf 88' lang='lat' dir='ltr'>ducebat</span> <span class='ocrx_word' id='word_1_46' title='bbox 762 1832 960 1909; x_wconf 80' lang='lat' dir='ltr'>Oartusiam,</span> <span class='ocrx_word' id='word_1_47' title='bbox 987 1833 1031 1896; x_wconf 91' lang='lat' dir='ltr'>ad</span> <span class='ocrx_word' id='word_1_48' title='bbox 1054 1836 1201 1897; x_wconf 89' lang='lat' dir='ltr'>montem</span> <span class='ocrx_word' id='word_1_49' title='bbox 1231 1831 1348 1916; x_wconf 88' lang='lat' dir='ltr'>utique</span> <span class='ocrx_word' id='word_1_50' title='bbox 1374 1830 1461 1908; x_wconf 90' lang='lat' dir='ltr'>Dei;</span> <span class='ocrx_word' id='word_1_51' title='bbox 1495 1827 1657 1912; x_wconf 87' lang='lat' dir='ltr'>venitque</span> 
     </span>
     <span class='ocr_line' id='line_1_8' title="bbox 429 1927 1656 2025; baseline -0.007 -26"><span class='ocrx_word' id='word_1_52' title='bbox 429 1931 575 2025; x_wconf 37' lang='lat' dir='ltr'>fffflffioe·</span> <span class='ocrx_word' id='word_1_53' title='bbox 597 1935 639 1998; x_wconf 89' lang='lat' dir='ltr'>ad</span> <span class='ocrx_word' id='word_1_54' title='bbox 663 1938 807 1998; x_wconf 86' lang='lat' dir='ltr'>montem</span> <span class='ocrx_word' id='word_1_55' title='bbox 833 1934 984 2010; x_wconf 83' lang='lat' dir='ltr'>Antonii,</span> <span class='ocrx_word' id='word_1_56' title='bbox 1008 1932 1066 1997; x_wconf 86' lang='lat' dir='ltr'>ubi</span> <span class='ocrx_word' id='word_1_57' title='bbox 1086 1933 1184 2018; x_wconf 90' lang='lat' dir='ltr'>ignea</span> <span class='ocrx_word' id='word_1_58' title='bbox 1206 1932 1265 1996; x_wconf 88' lang='lat' dir='ltr'>lux</span> <span class='ocrx_word' id='word_1_59' title='bbox 1288 1931 1432 1996; x_wconf 91' lang='lat' dir='ltr'>incendii</span> <span class='ocrx_word' id='word_1_60' title='bbox 1453 1927 1656 2016; x_wconf 84' lang='lat' dir='ltr'>gehennalia,</span> 
     </span>
     <span class='ocr_line' id='line_1_9' title="bbox 429 2032 1654 2149; baseline -0.006 -47"><span class='ocrx_word' id='word_1_61' title='bbox 429 2047 522 2149; x_wconf 46' lang='lat' dir='ltr'>{tw-⁸</span> <span class='ocrx_word' id='word_1_62' title='bbox 598 2037 678 2101; x_wconf 92' lang='lat' dir='ltr'>dum</span> <span class='ocrx_word' id='word_1_63' title='bbox 708 2036 886 2102; x_wconf 69' lang='lat' dir='ltr'>visibiliter</span> <span class='ocrx_word' id='word_1_64' title='bbox 909 2035 1128 2121; x_wconf 76' lang='lat' dir='ltr'>extinguitur,</span> <span class='ocrx_word' id='word_1_65' title='bbox 1153 2034 1294 2119; x_wconf 89' lang='lat' dir='ltr'>quodam</span> <span class='ocrx_word' id='word_1_66' title='bbox 1319 2032 1410 2097; x_wconf 89' lang='lat' dir='ltr'>velut</span> <span class='ocrx_word' id='word_1_67' title='bbox 1432 2036 1565 2096; x_wconf 86' lang='lat' dir='ltr'>naturae</span> <span class='ocrx_word' id='word_1_68' title='bbox 1584 2050 1654 2096; x_wconf 78' lang='lat' dir='ltr'>sure</span> 
     </span>
     <span class='ocr_line' id='line_1_10' title="bbox 430 2133 1655 2225; baseline -0.007 -21"><span class='ocrx_word' id='word_1_69' title='bbox 430 2148 479 2190; x_wconf 69' lang='lat'>¹1¹0·</span> <span class='ocrx_word' id='word_1_70' title='bbox 596 2139 758 2203; x_wconf 87' lang='lat' dir='ltr'>invisibili</span> <span class='ocrx_word' id='word_1_71' title='bbox 791 2137 982 2225; x_wconf 87' lang='lat' dir='ltr'>praejudicio</span> <span class='ocrx_word' id='word_1_72' title='bbox 1005 2136 1136 2202; x_wconf 76' lang='lat' dir='ltr'>assidue</span> <span class='ocrx_word' id='word_1_73' title='bbox 1167 2135 1374 2200; x_wconf 78' lang='lat' dir='ltr'>cancellatur.</span> <span class='ocrx_word' id='word_1_74' title='bbox 1431 2133 1485 2199; x_wconf 91' lang='lat' dir='ltr'>Ibi</span> <span class='ocrx_word' id='word_1_75' title='bbox 1515 2154 1583 2197; x_wconf 88' lang='lat' dir='ltr'>uno</span> <span class='ocrx_word' id='word_1_76' title='bbox 1605 2133 1655 2196; x_wconf 92' lang='lat' dir='ltr'>in·</span> 
     </span>
     <span class='ocr_line' id='line_1_11' title="bbox 429 2237 1654 2323; baseline -0.007 -17"><span class='ocrx_word' id='word_1_77' title='bbox 429 2278 552 2323; x_wconf 76' lang='lat' dir='ltr'>monnu-</span> <span class='ocrx_word' id='word_1_78' title='bbox 597 2240 688 2305; x_wconf 89' lang='lat' dir='ltr'>tuitu</span> <span class='ocrx_word' id='word_1_79' title='bbox 710 2261 778 2303; x_wconf 90' lang='lat' dir='ltr'>non</span> <span class='ocrx_word' id='word_1_80' title='bbox 793 2238 989 2303; x_wconf 77' lang='lat' dir='ltr'>miraculum</span> <span class='ocrx_word' id='word_1_81' title='bbox 1012 2259 1126 2313; x_wconf 89' lang='lat' dir='ltr'>unum,</span> <span class='ocrx_word' id='word_1_82' title='bbox 1143 2242 1202 2302; x_wconf 90' lang='lat' dir='ltr'>aut</span> <span class='ocrx_word' id='word_1_83' title='bbox 1217 2238 1291 2314; x_wconf 91' lang='lat' dir='ltr'>duo,</span> <span class='ocrx_word' id='word_1_84' title='bbox 1307 2237 1409 2300; x_wconf 90' lang='lat' dir='ltr'>immo</span> <span class='ocrx_word' id='word_1_85' title='bbox 1424 2257 1492 2300; x_wconf 90' lang='lat' dir='ltr'>non</span> <span class='ocrx_word' id='word_1_86' title='bbox 1507 2239 1654 2312; x_wconf 88' lang='lat' dir='ltr'>centena,</span> 
     </span>
     <span class='ocr_line' id='line_1_12' title="bbox 429 2330 1655 2425; baseline -0.007 -19"><span class='ocrx_word' id='word_1_87' title='bbox 429 2330 541 2423; x_wconf 53' lang='lat' dir='ltr'>ml}</span> <span class='ocrx_word' id='word_1_88' title='bbox 598 2341 655 2405; x_wconf 91' lang='lat' dir='ltr'>sed</span> <span class='ocrx_word' id='word_1_89' title='bbox 677 2340 853 2403; x_wconf 90' lang='lat' dir='ltr'>innumera</span> <span class='ocrx_word' id='word_1_90' title='bbox 867 2339 1093 2425; x_wconf 85' lang='lat' dir='ltr'>perspeximus</span> <span class='ocrx_word' id='word_1_91' title='bbox 1109 2338 1275 2415; x_wconf 90' lang='lat' dir='ltr'>miracula,</span> <span class='ocrx_word' id='word_1_92' title='bbox 1292 2337 1446 2403; x_wconf 89' lang='lat' dir='ltr'>omnibus</span> <span class='ocrx_word' id='word_1_93' title='bbox 1467 2335 1655 2420; x_wconf 88' lang='lat' dir='ltr'>ubicunque</span> 
     </span>
     <span class='ocr_line' id='line_1_13' title="bbox 597 2438 1654 2526; baseline -0.004 -21"><span class='ocrx_word' id='word_1_94' title='bbox 597 2464 618 2505; x_wconf 90' lang='lat' dir='ltr'>a</span> <span class='ocrx_word' id='word_1_95' title='bbox 640 2441 736 2505; x_wconf 89' lang='lat' dir='ltr'>nobis</span> <span class='ocrx_word' id='word_1_96' title='bbox 760 2446 859 2506; x_wconf 88' lang='lat' dir='ltr'>antea</span> <span class='ocrx_word' id='word_1_97' title='bbox 881 2441 962 2505; x_wconf 89' lang='lat' dir='ltr'>visis</span> <span class='ocrx_word' id='word_1_98' title='bbox 986 2441 1153 2505; x_wconf 77' lang='lat' dir='ltr'>miraculis</span> <span class='ocrx_word' id='word_1_99' title='bbox 1182 2440 1255 2526; x_wconf 88' lang='lat' dir='ltr'>plus</span> <span class='ocrx_word' id='word_1_100' title='bbox 1286 2440 1457 2525; x_wconf 87' lang='lat' dir='ltr'>stupenda</span> <span class='ocrx_word' id='word_1_101' title='bbox 1502 2438 1654 2502; x_wconf 87' lang='lat' dir='ltr'>Vidimus</span> 
     </span>
    </p>

    <p class='ocr_par' dir='ltr' id='par_1_6' title="bbox 430 2540 1656 2832">
     <span class='ocr_line' id='line_1_14' title="bbox 430 2540 1654 2629; baseline -0.005 -21"><span class='ocrx_word' id='word_1_102' title='bbox 430 2560 473 2609; x_wconf 82' lang='lat' dir='ltr'>Pa</span> <span class='ocrx_word' id='word_1_103' title='bbox 487 2559 583 2611; x_wconf 62' lang='lat' dir='ltr'>cxlviii</span> <span class='ocrx_word' id='word_1_104' title='bbox 597 2544 684 2608; x_wconf 86' lang='lat' dir='ltr'>enim</span> <span class='ocrx_word' id='word_1_105' title='bbox 705 2543 852 2628; x_wconf 78' lang='lat' dir='ltr'>juvenes</span> <span class='ocrx_word' id='word_1_106' title='bbox 881 2548 915 2607; x_wconf 89' lang='lat' dir='ltr'>et</span> <span class='ocrx_word' id='word_1_107' title='bbox 951 2544 1101 2629; x_wconf 84' lang='lat' dir='ltr'>virginee,</span> <span class='ocrx_word' id='word_1_108' title='bbox 1138 2564 1231 2606; x_wconf 88' lang='lat' dir='ltr'>senos</span> <span class='ocrx_word' id='word_1_109' title='bbox 1266 2564 1340 2607; x_wconf 90' lang='lat' dir='ltr'>cum</span> <span class='ocrx_word' id='word_1_110' title='bbox 1369 2540 1572 2626; x_wconf 87' lang='lat' dir='ltr'>junioribus,</span> <span class='ocrx_word' id='word_1_111' title='bbox 1597 2561 1654 2625; x_wconf 89' lang='lat' dir='ltr'>per</span> 
     </span>
     <span class='ocr_line' id='line_1_15' title="bbox 433 2631 1655 2729; baseline -0.004 -20"><span class='ocrx_word' id='word_1_112' title='bbox 433 2631 471 2676; x_wconf 73' lang='lat'>¹²·</span> <span class='ocrx_word' id='word_1_113' title='bbox 597 2650 748 2709; x_wconf 89' lang='lat' dir='ltr'>sanctum</span> <span class='ocrx_word' id='word_1_114' title='bbox 773 2643 837 2709; x_wconf 91' lang='lat' dir='ltr'>Dei</span> <span class='ocrx_word' id='word_1_115' title='bbox 852 2644 1040 2709; x_wconf 86' lang='lat' dir='ltr'>Antonium</span> <span class='ocrx_word' id='word_1_116' title='bbox 1056 2644 1202 2708; x_wconf 86' lang='lat' dir='ltr'>salvatos</span> <span class='ocrx_word' id='word_1_117' title='bbox 1214 2643 1259 2716; x_wconf 73' lang='lat' dir='ltr'>‚ab</span> <span class='ocrx_word' id='word_1_118' title='bbox 1282 2644 1358 2729; x_wconf 84' lang='lat' dir='ltr'>igne</span> <span class='ocrx_word' id='word_1_119' title='bbox 1373 2663 1473 2718; x_wconf 89' lang='lat' dir='ltr'>sacro,</span> <span class='ocrx_word' id='word_1_120' title='bbox 1489 2641 1655 2707; x_wconf 81' lang='lat' dir='ltr'>semiustis</span> 
     </span>
     <span class='ocr_line' id='line_1_16' title="bbox 598 2744 1656 2832; baseline -0.004 -21"><span class='ocrx_word' id='word_1_121' title='bbox 598 2746 762 2822; x_wconf 88' lang='lat' dir='ltr'>carnibus,</span> <span class='ocrx_word' id='word_1_122' title='bbox 778 2748 1044 2832; x_wconf 79' lang='lat' dir='ltr'>consumptisque</span> <span class='ocrx_word' id='word_1_123' title='bbox 1060 2746 1196 2823; x_wconf 87' lang='lat' dir='ltr'>ossibus,</span> <span class='ocrx_word' id='word_1_124' title='bbox 1219 2745 1386 2829; x_wconf 89' lang='lat' dir='ltr'>variisque</span> <span class='ocrx_word' id='word_1_125' title='bbox 1412 2744 1585 2808; x_wconf 89' lang='lat' dir='ltr'>mutilatos</span> <span class='ocrx_word' id='word_1_126' title='bbox 1606 2765 1656 2806; x_wconf 89' lang='lat' dir='ltr'>ar·</span> 
     </span>
    </p>

    <p class='ocr_par' dir='ltr' id='par_1_7' title="bbox 598 2845 1654 2934">
     <span class='ocr_line' id='line_1_17' title="bbox 598 2845 1654 2934; baseline -0.005 -21"><span class='ocrx_word' id='word_1_127' title='bbox 598 2854 695 2913; x_wconf 89' lang='lat' dir='ltr'>tuum</span> <span class='ocrx_word' id='word_1_128' title='bbox 718 2848 940 2934; x_wconf 82' lang='lat' dir='ltr'>compagibus,</span> <span class='ocrx_word' id='word_1_129' title='bbox 963 2849 1013 2912; x_wconf 88' lang='lat' dir='ltr'>ita</span> <span class='ocrx_word' id='word_1_130' title='bbox 1043 2848 1080 2911; x_wconf 92' lang='lat' dir='ltr'>in</span> <span class='ocrx_word' id='word_1_131' title='bbox 1110 2847 1258 2911; x_wconf 82' lang='lat' dir='ltr'>dimidiis</span> <span class='ocrx_word' id='word_1_132' title='bbox 1280 2846 1432 2911; x_wconf 89' lang='lat' dir='ltr'>viventes</span> <span class='ocrx_word' id='word_1_133' title='bbox 1458 2845 1654 2931; x_wconf 86' lang='lat' dir='ltr'>corporibus,</span> 
     </span>
    </p>

    <p class='ocr_par' dir='ltr' id='par_1_8' title="bbox 432 2947 1655 3337">
     <span class='ocr_line' id='line_1_18' title="bbox 468 2947 1655 3034; baseline -0.001 -22"><span class='ocrx_word' id='word_1_134' title='bbox 468 2966 552 3014; x_wconf 74' lang='grc'>1041.</span> <span class='ocrx_word' id='word_1_135' title='bbox 598 2956 638 3014; x_wconf 88' lang='lat' dir='ltr'>ut</span> <span class='ocrx_word' id='word_1_136' title='bbox 676 2949 771 3033; x_wconf 87' lang='lat' dir='ltr'>quasi</span> <span class='ocrx_word' id='word_1_137' title='bbox 808 2949 939 3034; x_wconf 84' lang='lat' dir='ltr'>integra</span> <span class='ocrx_word' id='word_1_138' title='bbox 968 2949 1163 3013; x_wconf 86' lang='lat' dir='ltr'>viderentur</span> <span class='ocrx_word' id='word_1_139' title='bbox 1200 2947 1430 3013; x_wconf 78' lang='lat' dir='ltr'>incolumitate</span> <span class='ocrx_word' id='word_1_140' title='bbox 1466 2948 1655 3033; x_wconf 82' lang='lat' dir='ltr'>gaudentes.</span> 
     </span>
     <span class='ocr_line' id='line_1_19' title="bbox 602 3048 1654 3134; baseline -0.004 -19"><span class='ocrx_word' id='word_1_141' title='bbox 602 3048 821 3115; x_wconf 75' lang='lat' dir='ltr'>Consumitur</span> <span class='ocrx_word' id='word_1_142' title='bbox 835 3049 999 3134; x_wconf 88' lang='lat' dir='ltr'>siquidem</span> <span class='ocrx_word' id='word_1_143' title='bbox 1014 3071 1036 3114; x_wconf 89' lang='lat' dir='ltr'>a</span> <span class='ocrx_word' id='word_1_144' title='bbox 1051 3050 1132 3114; x_wconf 88' lang='lat' dir='ltr'>totis</span> <span class='ocrx_word' id='word_1_145' title='bbox 1147 3049 1264 3113; x_wconf 91' lang='lat' dir='ltr'>mundi</span> <span class='ocrx_word' id='word_1_146' title='bbox 1287 3049 1419 3127; x_wconf 86' lang='lat' dir='ltr'>finibus,</span> <span class='ocrx_word' id='word_1_147' title='bbox 1435 3071 1456 3113; x_wconf 88' lang='lat' dir='ltr'>a</span> <span class='ocrx_word' id='word_1_148' title='bbox 1471 3050 1654 3134; x_wconf 88' lang='lat' dir='ltr'>quibusque</span> 
     </span>
     <span class='ocr_line' id='line_1_20' title="bbox 598 3150 1655 3236; baseline 0 -23"><span class='ocrx_word' id='word_1_149' title='bbox 598 3150 827 3214; x_wconf 77' lang='lat' dir='ltr'>laborantibus</span> <span class='ocrx_word' id='word_1_150' title='bbox 852 3150 914 3215; x_wconf 92' lang='lat' dir='ltr'>hoc</span> <span class='ocrx_word' id='word_1_151' title='bbox 940 3150 1036 3229; x_wconf 88' lang='lat' dir='ltr'>mala,</span> <span class='ocrx_word' id='word_1_152' title='bbox 1060 3173 1125 3236; x_wconf 93' lang='lat' dir='ltr'>quo</span> <span class='ocrx_word' id='word_1_153' title='bbox 1157 3151 1286 3215; x_wconf 90' lang='lat' dir='ltr'>nullum</span> <span class='ocrx_word' id='word_1_154' title='bbox 1318 3151 1473 3230; x_wconf 87' lang='lat' dir='ltr'>deterius,</span> <span class='ocrx_word' id='word_1_155' title='bbox 1496 3151 1540 3216; x_wconf 90' lang='lat' dir='ltr'>ad</span> <span class='ocrx_word' id='word_1_156' title='bbox 1569 3152 1655 3215; x_wconf 88' lang='lat' dir='ltr'>hunc</span> 
     </span>
     <span class='ocr_line' id='line_1_21' title="bbox 432 3252 1654 3337; baseline 0 -21"><span class='ocrx_word' id='word_1_157' title='bbox 432 3257 581 3303; x_wconf 70' lang='lat' dir='ltr'>neu-orsa.</span> <span class='ocrx_word' id='word_1_158' title='bbox 600 3252 717 3330; x_wconf 91' lang='lat' dir='ltr'>locum,</span> <span class='ocrx_word' id='word_1_159' title='bbox 748 3274 812 3337; x_wconf 91' lang='lat' dir='ltr'>quo</span> <span class='ocrx_word' id='word_1_160' title='bbox 844 3252 934 3317; x_wconf 89' lang='lat' dir='ltr'>beati</span> <span class='ocrx_word' id='word_1_161' title='bbox 967 3253 1109 3318; x_wconf 83' lang='lat' dir='ltr'>Antonii</span> <span class='ocrx_word' id='word_1_162' title='bbox 1141 3254 1265 3318; x_wconf 90' lang='lat' dir='ltr'>cineres</span> <span class='ocrx_word' id='word_1_163' title='bbox 1299 3252 1513 3317; x_wconf 81' lang='lat' dir='ltr'>sacratissimi</span> <span class='ocrx_word' id='word_1_164' title='bbox 1545 3253 1654 3317; x_wconf 83' lang='lat' dir='ltr'>tunica</span> 
     </span>
    </p>
   </div>
   <div class='ocr_carea' id='block_1_3' title="bbox 430 3308 541 3361">
    <p class='ocr_par' dir='ltr' id='par_1_9' title="bbox 430 3308 541 3361">
     <span class='ocr_line' id='line_1_22' title="bbox 430 3308 541 3361; baseline -0.009 -10"><span class='ocrx_word' id='word_1_165' title='bbox 430 3308 541 3361; x_wconf 84' lang='lat' dir='ltr'>Anthony</span> 
     </span>
    </p>
   </div>
   <div class='ocr_carea' id='block_1_4' title="bbox 430 3354 1653 3453">
    <p class='ocr_par' dir='ltr' id='par_1_10' title="bbox 430 3354 1653 3453">
     <span class='ocr_line' id='line_1_23' title="bbox 430 3354 1653 3453; baseline -0.007 -29"><span class='ocrx_word' id='word_1_166' title='bbox 430 3360 582 3453; x_wconf 55' lang='lat' dir='ltr'>ffiffiio</span> <span class='ocrx_word' id='word_1_167' title='bbox 601 3354 697 3419; x_wconf 90' lang='lat' dir='ltr'>Pauli</span> <span class='ocrx_word' id='word_1_168' title='bbox 731 3355 829 3440; x_wconf 88' lang='lat' dir='ltr'>primi</span> <span class='ocrx_word' id='word_1_169' title='bbox 867 3354 1014 3419; x_wconf 74' lang='lat' dir='ltr'>eremitae</span> <span class='ocrx_word' id='word_1_170' title='bbox 1046 3354 1153 3419; x_wconf 89' lang='lat' dir='ltr'>adhuc</span> <span class='ocrx_word' id='word_1_171' title='bbox 1183 3355 1334 3419; x_wconf 86' lang='lat' dir='ltr'>obvoluti</span> <span class='ocrx_word' id='word_1_172' title='bbox 1364 3361 1559 3420; x_wconf 87' lang='lat' dir='ltr'>servantur:</span> <span class='ocrx_word' id='word_1_173' title='bbox 1598 3354 1653 3439; x_wconf 89' lang='lat' dir='ltr'>qui</span> 
     </span>
    </p>
   </div>
   <div class='ocr_carea' id='block_1_5' title="bbox 431 3455 1652 3553">
    <p class='ocr_par' dir='ltr' id='par_1_11' title="bbox 431 3455 1652 3553">
     <span class='ocr_line' id='line_1_24' title="bbox 431 3455 1652 3553; baseline 0.002 -36"><span class='ocrx_word' id='word_1_174' title='bbox 431 3458 582 3553; x_wconf 30' lang='lat'>322213121211131</span> <span class='ocrx_word' id='word_1_175' title='bbox 600 3478 714 3520; x_wconf 86' lang='lat' dir='ltr'>omncs</span> <span class='ocrx_word' id='word_1_176' title='bbox 746 3455 812 3519; x_wconf 88' lang='lat' dir='ltr'>fere</span> <span class='ocrx_word' id='word_1_177' title='bbox 846 3455 934 3519; x_wconf 90' lang='lat' dir='ltr'>infra</span> <span class='ocrx_word' id='word_1_178' title='bbox 966 3456 1054 3520; x_wconf 90' lang='lat' dir='ltr'>diem</span> <span class='ocrx_word' id='word_1_179' title='bbox 1086 3456 1260 3542; x_wconf 90' lang='lat' dir='ltr'>septimam</span> <span class='ocrx_word' id='word_1_180' title='bbox 1295 3456 1457 3521; x_wconf 88' lang='lat' dir='ltr'>divinitus</span> <span class='ocrx_word' id='word_1_181' title='bbox 1490 3462 1652 3520; x_wconf 89' lang='lat' dir='ltr'>curantur.</span> 
     </span>
    </p>
   </div>
   <div class='ocr_carea' id='block_1_6' title="bbox 431 3555 1659 4963">
    <p class='ocr_par' dir='ltr' id='par_1_12' title="bbox 431 3555 1653 3663">
     <span class='ocr_line' id='line_1_25' title="bbox 431 3555 1653 3663; baseline 0.003 -47"><span class='ocrx_word' id='word_1_182' title='bbox 431 3570 589 3663; x_wconf 50' lang='lat' dir='ltr'>{prqqqqthin</span> <span class='ocrx_word' id='word_1_183' title='bbox 602 3556 690 3618; x_wconf 89' lang='lat' dir='ltr'>Nam</span> <span class='ocrx_word' id='word_1_184' title='bbox 712 3556 740 3618; x_wconf 90' lang='lat' dir='ltr'>si</span> <span class='ocrx_word' id='word_1_185' title='bbox 764 3556 838 3638; x_wconf 90' lang='lat' dir='ltr'>quis</span> <span class='ocrx_word' id='word_1_186' title='bbox 860 3557 922 3618; x_wconf 90' lang='lat' dir='ltr'>sub</span> <span class='ocrx_word' id='word_1_187' title='bbox 945 3555 1006 3619; x_wconf 89' lang='lat' dir='ltr'>hoc</span> <span class='ocrx_word' id='word_1_188' title='bbox 1029 3557 1157 3621; x_wconf 88' lang='lat' dir='ltr'>dierum</span> <span class='ocrx_word' id='word_1_189' title='bbox 1181 3558 1288 3643; x_wconf 86' lang='lat' dir='ltr'>spatio</span> <span class='ocrx_word' id='word_1_190' title='bbox 1312 3559 1455 3643; x_wconf 90' lang='lat' dir='ltr'>corporis</span> <span class='ocrx_word' id='word_1_191' title='bbox 1478 3559 1653 3622; x_wconf 84' lang='lat' dir='ltr'>sanitatem</span> 
     </span>
    </p>

    <p class='ocr_par' dir='ltr' id='par_1_13' title="bbox 432 3657 1654 3746">
     <span class='ocr_line' id='line_1_26' title="bbox 432 3657 1654 3746; baseline 0.002 -25"><span class='ocrx_word' id='word_1_192' title='bbox 432 3670 570 3721; x_wconf 62' lang='lat' dir='ltr'>revendere·</span> <span class='ocrx_word' id='word_1_193' title='bbox 600 3678 670 3719; x_wconf 89' lang='lat' dir='ltr'>non</span> <span class='ocrx_word' id='word_1_194' title='bbox 693 3657 817 3740; x_wconf 85' lang='lat' dir='ltr'>recipit,</span> <span class='ocrx_word' id='word_1_195' title='bbox 834 3679 854 3718; x_wconf 92' lang='lat' dir='ltr'>a</span> <span class='ocrx_word' id='word_1_196' title='bbox 877 3658 1021 3740; x_wconf 88' lang='lat' dir='ltr'>corporis</span> <span class='ocrx_word' id='word_1_197' title='bbox 1044 3659 1230 3724; x_wconf 87' lang='lat' dir='ltr'>colluvione</span> <span class='ocrx_word' id='word_1_198' title='bbox 1252 3659 1426 3738; x_wconf 65' lang='lat' dir='ltr'>salubrius</span> <span class='ocrx_word' id='word_1_199' title='bbox 1441 3668 1480 3725; x_wconf 88' lang='lat' dir='ltr'>ut</span> <span class='ocrx_word' id='word_1_200' title='bbox 1503 3661 1654 3746; x_wconf 66' lang='grc'>1110111113-</span> 
     </span>
    </p>

    <p class='ocr_par' dir='ltr' id='par_1_14' title="bbox 601 3757 1653 3846">
     <span class='ocr_line' id='line_1_27' title="bbox 601 3757 1653 3846; baseline 0.004 -26"><span class='ocrx_word' id='word_1_201' title='bbox 601 3757 753 3835; x_wconf 89' lang='lat' dir='ltr'>sumitur,</span> <span class='ocrx_word' id='word_1_202' title='bbox 777 3763 883 3820; x_wconf 87' lang='lat' dir='ltr'>morte</span> <span class='ocrx_word' id='word_1_203' title='bbox 905 3757 1128 3823; x_wconf 88' lang='lat' dir='ltr'>intercedente</span> <span class='ocrx_word' id='word_1_204' title='bbox 1144 3760 1314 3824; x_wconf 88' lang='lat' dir='ltr'>confestim</span> <span class='ocrx_word' id='word_1_205' title='bbox 1331 3760 1479 3839; x_wconf 81' lang='lat' dir='ltr'>excedit3</span> <span class='ocrx_word' id='word_1_206' title='bbox 1503 3762 1653 3846; x_wconf 85' lang='lat' dir='ltr'>tantique</span> 
     </span>
    </p>

    <p class='ocr_par' dir='ltr' id='par_1_15' title="bbox 600 3857 1653 4048">
     <span class='ocr_line' id='line_1_28' title="bbox 601 3857 1653 3948; baseline 0.005 -28"><span class='ocrx_word' id='word_1_207' title='bbox 601 3858 733 3942; x_wconf 88' lang='lat' dir='ltr'>patroni</span> <span class='ocrx_word' id='word_1_208' title='bbox 771 3857 936 3942; x_wconf 76' lang='lat' dir='ltr'>suffragia</span> <span class='ocrx_word' id='word_1_209' title='bbox 976 3882 1073 3943; x_wconf 91' lang='lat' dir='ltr'>quem</span> <span class='ocrx_word' id='word_1_210' title='bbox 1112 3862 1177 3925; x_wconf 87' lang='lat' dir='ltr'>fido</span> <span class='ocrx_word' id='word_1_211' title='bbox 1215 3884 1283 3926; x_wconf 90' lang='lat' dir='ltr'>non</span> <span class='ocrx_word' id='word_1_212' title='bbox 1313 3862 1392 3926; x_wconf 89' lang='lat' dir='ltr'>ficta</span> <span class='ocrx_word' id='word_1_213' title='bbox 1429 3862 1578 3948; x_wconf 83' lang='lat' dir='ltr'>expetiit,</span> <span class='ocrx_word' id='word_1_214' title='bbox 1612 3863 1653 3926; x_wconf 83' lang='lat' dir='ltr'>ad</span> 
     </span>
     <span class='ocr_line' id='line_1_29' title="bbox 600 3959 1243 4048; baseline 0.005 -25"><span class='ocrx_word' id='word_1_215' title='bbox 600 3959 752 4045; x_wconf 89' lang='lat' dir='ltr'>perennis</span> <span class='ocrx_word' id='word_1_216' title='bbox 775 3959 856 4024; x_wconf 85' lang='lat' dir='ltr'>vitae</span> <span class='ocrx_word' id='word_1_217' title='bbox 880 3961 1073 4045; x_wconf 88' lang='lat' dir='ltr'>sospitatem</span> <span class='ocrx_word' id='word_1_218' title='bbox 1096 3962 1243 4048; x_wconf 85' lang='lat' dir='ltr'>attingit.</span> 
     </span>
    </p>

    <p class='ocr_par' dir='ltr' id='par_1_16' title="bbox 434 4058 1653 4173">
     <span class='ocr_line' id='line_1_30' title="bbox 434 4058 1653 4173; baseline 0.007 -52"><span class='ocrx_word' id='word_1_219' title='bbox 434 4058 526 4173; x_wconf 50' lang='grc' dir='ltr'>Εἰὲῖω·</span> <span class='ocrx_word' id='word_1_220' title='bbox 645 4061 707 4124; x_wconf 90' lang='lat' dir='ltr'>Est</span> <span class='ocrx_word' id='word_1_221' title='bbox 729 4066 840 4125; x_wconf 89' lang='lat' dir='ltr'>autem</span> <span class='ocrx_word' id='word_1_222' title='bbox 864 4062 899 4124; x_wconf 93' lang='lat' dir='ltr'>in</span> <span class='ocrx_word' id='word_1_223' title='bbox 922 4062 1002 4148; x_wconf 90' lang='lat' dir='ltr'>ipsis</span> <span class='ocrx_word' id='word_1_224' title='bbox 1018 4063 1184 4127; x_wconf 87' lang='lat' dir='ltr'>miraculis</span> <span class='ocrx_word' id='word_1_225' title='bbox 1199 4063 1260 4127; x_wconf 91' lang='lat' dir='ltr'>hoc</span> <span class='ocrx_word' id='word_1_226' title='bbox 1275 4064 1438 4150; x_wconf 86' lang='lat' dir='ltr'>insignius</span> <span class='ocrx_word' id='word_1_227' title='bbox 1452 4065 1653 4130; x_wconf 86' lang='lat' dir='ltr'>miraculum.</span> 
     </span>
    </p>

    <p class='ocr_par' dir='ltr' id='par_1_17' title="bbox 432 4140 1655 4251">
     <span class='ocr_line' id='line_1_31' title="bbox 432 4140 1655 4251; baseline 0.002 -23"><span class='ocrx_word' id='word_1_228' title='bbox 432 4140 552 4240; x_wconf 50' lang='lat' dir='ltr'>inoffi</span> <span class='ocrx_word' id='word_1_229' title='bbox 601 4161 684 4246; x_wconf 86' lang='lat' dir='ltr'>Igne</span> <span class='ocrx_word' id='word_1_230' title='bbox 707 4175 851 4247; x_wconf 89' lang='lat' dir='ltr'>namque</span> <span class='ocrx_word' id='word_1_231' title='bbox 875 4163 1031 4229; x_wconf 89' lang='lat' dir='ltr'>restincto</span> <span class='ocrx_word' id='word_1_232' title='bbox 1055 4165 1091 4228; x_wconf 93' lang='lat' dir='ltr'>in</span> <span class='ocrx_word' id='word_1_233' title='bbox 1110 4165 1266 4229; x_wconf 88' lang='lat' dir='ltr'>membris</span> <span class='ocrx_word' id='word_1_234' title='bbox 1289 4166 1496 4251; x_wconf 89' lang='lat' dir='ltr'>patientium,</span> <span class='ocrx_word' id='word_1_235' title='bbox 1525 4188 1600 4232; x_wconf 84' lang='lat' dir='ltr'>earo</span> <span class='ocrx_word' id='word_1_236' title='bbox 1622 4173 1655 4231; x_wconf 86' lang='lat' dir='ltr'>et</span> 
     </span>
    </p>

    <p class='ocr_par' dir='ltr' id='par_1_18' title="bbox 432 4259 1654 4373">
     <span class='ocr_line' id='line_1_32' title="bbox 432 4259 1654 4373; baseline 0.007 -51"><span class='ocrx_word' id='word_1_237' title='bbox 432 4259 572 4373; x_wconf 50' lang='lat' dir='ltr'>{ltlflencffis</span> <span class='ocrx_word' id='word_1_238' title='bbox 599 4262 693 4336; x_wconf 88' lang='lat' dir='ltr'>cutis,</span> <span class='ocrx_word' id='word_1_239' title='bbox 728 4262 782 4327; x_wconf 90' lang='lat' dir='ltr'>vel</span> <span class='ocrx_word' id='word_1_240' title='bbox 815 4269 908 4328; x_wconf 89' lang='lat' dir='ltr'>artus</span> <span class='ocrx_word' id='word_1_241' title='bbox 941 4265 1088 4351; x_wconf 89' lang='lat' dir='ltr'>quisque,</span> <span class='ocrx_word' id='word_1_242' title='bbox 1118 4288 1200 4350; x_wconf 88' lang='lat' dir='ltr'>quos</span> <span class='ocrx_word' id='word_1_243' title='bbox 1234 4268 1368 4332; x_wconf 90' lang='lat' dir='ltr'>morbus</span> <span class='ocrx_word' id='word_1_244' title='bbox 1399 4289 1504 4332; x_wconf 85' lang='lat' dir='ltr'>vorax</span> <span class='ocrx_word' id='word_1_245' title='bbox 1534 4269 1654 4333; x_wconf 87' lang='lat' dir='ltr'>sensim</span> 
     </span>
    </p>

    <p class='ocr_par' dir='ltr' id='par_1_19' title="bbox 558 4362 1655 4453">
     <span class='ocr_line' id='line_1_33' title="bbox 558 4362 1655 4453; baseline 0.007 -27"><span class='ocrx_word' id='word_1_246' title='bbox 558 4362 563 4373; x_wconf 87' lang='grc'><em>“</em></span> <span class='ocrx_word' id='word_1_247' title='bbox 599 4364 802 4447; x_wconf 87' lang='lat' dir='ltr'>depascendo</span> <span class='ocrx_word' id='word_1_248' title='bbox 848 4365 1004 4445; x_wconf 85' lang='lat' dir='ltr'>exederit,</span> <span class='ocrx_word' id='word_1_249' title='bbox 1055 4367 1190 4432; x_wconf 89' lang='lat' dir='ltr'>minime</span> <span class='ocrx_word' id='word_1_250' title='bbox 1240 4368 1374 4453; x_wconf 87' lang='lat' dir='ltr'>quidem</span> <span class='ocrx_word' id='word_1_251' title='bbox 1421 4375 1655 4435; x_wconf 87' lang='lat' dir='ltr'>restaurantur.</span> 
     </span>
    </p>

    <p class='ocr_par' dir='ltr' id='par_1_20' title="bbox 598 4464 1655 4556">
     <span class='ocr_line' id='line_1_34' title="bbox 598 4464 1655 4556; baseline 0.008 -29"><span class='ocrx_word' id='word_1_252' title='bbox 598 4464 730 4539; x_wconf 88' lang='lat' dir='ltr'>Verum,</span> <span class='ocrx_word' id='word_1_253' title='bbox 756 4466 844 4550; x_wconf 90' lang='lat' dir='ltr'>quod</span> <span class='ocrx_word' id='word_1_254' title='bbox 870 4473 920 4531; x_wconf 88' lang='lat' dir='ltr'>est</span> <span class='ocrx_word' id='word_1_255' title='bbox 943 4468 1137 4547; x_wconf 69' lang='lat' dir='ltr'>mirabilius</span> <span class='ocrx_word' id='word_1_256' title='bbox 1159 4470 1296 4534; x_wconf 91' lang='lat' dir='ltr'>nudatis</span> <span class='ocrx_word' id='word_1_257' title='bbox 1319 4471 1447 4535; x_wconf 87' lang='lat' dir='ltr'>ossibus</span> <span class='ocrx_word' id='word_1_258' title='bbox 1470 4493 1544 4556; x_wconf 87' lang='lat' dir='ltr'>quae</span> <span class='ocrx_word' id='word_1_259' title='bbox 1570 4474 1655 4536; x_wconf 90' lang='lat' dir='ltr'>truci</span> 
     </span>
    </p>

    <p class='ocr_par' dir='ltr' id='par_1_21' title="bbox 597 4564 1656 4652">
     <span class='ocr_line' id='line_1_35' title="bbox 597 4564 1656 4652; baseline 0.008 -24"><span class='ocrx_word' id='word_1_260' title='bbox 597 4564 749 4630; x_wconf 90' lang='lat' dir='ltr'>incendic</span> <span class='ocrx_word' id='word_1_261' title='bbox 779 4568 1011 4652; x_wconf 88' lang='lat' dir='ltr'>superfuerint,</span> <span class='ocrx_word' id='word_1_262' title='bbox 1045 4570 1169 4634; x_wconf 84' lang='lat' dir='ltr'>sanitas</span> <span class='ocrx_word' id='word_1_263' title='bbox 1200 4576 1234 4635; x_wconf 89' lang='lat' dir='ltr'>et</span> <span class='ocrx_word' id='word_1_264' title='bbox 1271 4572 1420 4637; x_wconf 87' lang='lat' dir='ltr'>soliditas</span> <span class='ocrx_word' id='word_1_265' title='bbox 1450 4572 1656 4638; x_wconf 86' lang='lat' dir='ltr'>cicatricibus</span> 
     </span>
    </p>

    <p class='ocr_par' dir='ltr' id='par_1_22' title="bbox 597 4667 1658 4760">
     <span class='ocr_line' id='line_1_36' title="bbox 597 4667 1658 4760; baseline 0.009 -31"><span class='ocrx_word' id='word_1_266' title='bbox 597 4667 676 4752; x_wconf 86' lang='lat' dir='ltr'>ipsis</span> <span class='ocrx_word' id='word_1_267' title='bbox 691 4668 815 4732; x_wconf 89' lang='lat' dir='ltr'>residui</span> <span class='ocrx_word' id='word_1_268' title='bbox 832 4671 974 4755; x_wconf 88' lang='lat' dir='ltr'>corporis</span> <span class='ocrx_word' id='word_1_269' title='bbox 997 4676 1094 4735; x_wconf 82' lang='lat' dir='ltr'>tanta</span> <span class='ocrx_word' id='word_1_270' title='bbox 1109 4672 1284 4751; x_wconf 88' lang='lat' dir='ltr'>confertur,</span> <span class='ocrx_word' id='word_1_271' title='bbox 1300 4679 1338 4739; x_wconf 90' lang='lat' dir='ltr'>ut</span> <span class='ocrx_word' id='word_1_272' title='bbox 1361 4675 1474 4738; x_wconf 82' lang='lat' dir='ltr'>videas</span> <span class='ocrx_word' id='word_1_273' title='bbox 1498 4675 1658 4760; x_wconf 91' lang='lat' dir='ltr'>plurimos</span> 
     </span>
    </p>

    <p class='ocr_par' dir='ltr' id='par_1_23' title="bbox 597 4770 1658 4862">
     <span class='ocr_line' id='line_1_37' title="bbox 597 4770 1658 4862; baseline 0.009 -32"><span class='ocrx_word' id='word_1_274' title='bbox 597 4770 631 4831; x_wconf 92' lang='lat' dir='ltr'>in</span> <span class='ocrx_word' id='word_1_275' title='bbox 656 4770 744 4833; x_wconf 88' lang='lat' dir='ltr'>omui</span> <span class='ocrx_word' id='word_1_276' title='bbox 769 4775 870 4834; x_wconf 77' lang='lat' dir='ltr'>retate</span> <span class='ocrx_word' id='word_1_277' title='bbox 894 4775 928 4833; x_wconf 90' lang='lat' dir='ltr'>et</span> <span class='ocrx_word' id='word_1_278' title='bbox 951 4793 1032 4835; x_wconf 85' lang='lat' dir='ltr'>sexu</span> <span class='ocrx_word' id='word_1_279' title='bbox 1056 4778 1207 4859; x_wconf 87' lang='lat' dir='ltr'>utroque,</span> <span class='ocrx_word' id='word_1_280' title='bbox 1232 4776 1374 4841; x_wconf 88' lang='lat' dir='ltr'>brachiis</span> <span class='ocrx_word' id='word_1_281' title='bbox 1392 4776 1464 4860; x_wconf 90' lang='lat' dir='ltr'>jam</span> <span class='ocrx_word' id='word_1_282' title='bbox 1487 4798 1591 4862; x_wconf 88' lang='lat' dir='ltr'>usque</span> <span class='ocrx_word' id='word_1_283' title='bbox 1615 4778 1658 4840; x_wconf 86' lang='lat' dir='ltr'>ad</span> 
     </span>
    </p>

    <p class='ocr_par' dir='ltr' id='par_1_24' title="bbox 596 4860 1659 4963">
     <span class='ocr_line' id='line_1_38' title="bbox 596 4860 1659 4963; baseline 0.009 -30"><span class='ocrx_word' id='word_1_284' title='bbox 596 4872 731 4947; x_wconf 82' lang='lat' dir='ltr'>cubitos,</span> <span class='ocrx_word' id='word_1_285' title='bbox 743 4879 802 4935; x_wconf 85' lang='lat' dir='ltr'>aut</span> <span class='ocrx_word' id='word_1_286' title='bbox 817 4872 946 4936; x_wconf 86' lang='lat' dir='ltr'>lacertis</span> <span class='ocrx_word' id='word_1_287' title='bbox 961 4895 1064 4957; x_wconf 87' lang='lat' dir='ltr'>usque</span> <span class='ocrx_word' id='word_1_288' title='bbox 1080 4877 1123 4940; x_wconf 87' lang='lat' dir='ltr'>ad</span> <span class='ocrx_word' id='word_1_289' title='bbox 1135 4876 1287 4942; x_wconf 82' lang='lat' dir='ltr'>humeros</span> <span class='ocrx_word' id='word_1_290' title='bbox 1302 4860 1494 4963; x_wconf 83' lang='lat' dir='ltr'>absumptis,</span> <span class='ocrx_word' id='word_1_291' title='bbox 1505 4879 1659 4943; x_wconf 89' lang='lat' dir='ltr'>similiter</span> 
     </span>
    </p>
   </div>
   <div class='ocr_carea' id='block_1_7' title="bbox 596 4975 1660 5064">
    <p class='ocr_par' dir='ltr' id='par_1_25' title="bbox 596 4975 1660 5064">
     <span class='ocr_line' id='line_1_39' title="bbox 596 4975 1660 5064; baseline 0.009 -29"><span class='ocrx_word' id='word_1_292' title='bbox 596 4977 630 5035; x_wconf 92' lang='lat' dir='ltr'>et</span> <span class='ocrx_word' id='word_1_293' title='bbox 653 4975 746 5037; x_wconf 86' lang='lat' dir='ltr'>tibiis</span> <span class='ocrx_word' id='word_1_294' title='bbox 778 4996 880 5057; x_wconf 87' lang='lat' dir='ltr'>usquc</span> <span class='ocrx_word' id='word_1_295' title='bbox 907 4975 950 5038; x_wconf 89' lang='lat' dir='ltr'>ad</span> <span class='ocrx_word' id='word_1_296' title='bbox 972 4998 1090 5059; x_wconf 84' lang='lat' dir='ltr'>genua,</span> <span class='ocrx_word' id='word_1_297' title='bbox 1118 4980 1171 5043; x_wconf 87' lang='lat' dir='ltr'>vol</span> <span class='ocrx_word' id='word_1_298' title='bbox 1196 4980 1345 5044; x_wconf 87' lang='lat' dir='ltr'>cruribus</span> <span class='ocrx_word' id='word_1_299' title='bbox 1368 5002 1470 5064; x_wconf 88' lang='lat' dir='ltr'>usque</span> <span class='ocrx_word' id='word_1_300' title='bbox 1495 4981 1536 5043; x_wconf 87' lang='lat' dir='ltr'>ad</span> <span class='ocrx_word' id='word_1_301' title='bbox 1563 5003 1660 5045; x_wconf 80' lang='lat' dir='ltr'>renes</span> 
     </span>
    </p>
   </div>
   <div class='ocr_carea' id='block_1_8' title="bbox 0 0 2070 6324">
    <p class='ocr_par' dir='ltr' id='par_1_26' title="bbox 0 0 2070 6324">
     <span class='ocr_line' id='line_1_40' title="bbox 0 0 2070 6324; baseline 0 0"><span class='ocrx_word' id='word_1_302' title='bbox 0 0 2070 6324; x_wconf 95' lang='lat' dir='ltr'> </span> 
     </span>
    </p>
   </div>
  </div>
 </body>
</html>
