4125 6334
824 1138 925 1186 mssa
949 1138 970 1198 1,
994 1139 1066 1189 ore.
1090 1145 1120 1186 x.
1448 1130 1491 1192 33

430 1311 493 1375 rici
517 1332 617 1398 quam
639 1310 725 1387 laici,
749 1309 842 1376 mirae
865 1311 1054 1375 sanctitatis
1076 1315 1111 1375 et
1134 1312 1320 1397 gravitatis,
1348 1312 1490 1398 ipsisque
1504 1320 1584 1370 attho

430 1414 570 1478 summis
600 1413 804 1499 principibus
834 1418 868 1477 et
899 1413 1108 1477 eeclesiarum
1138 1413 1286 1498 praelatis
1312 1414 1489 1479 admodum
1505 1386 1587 1503 322¹ae
1606 1459 1632 1503 ct

431 1515 613 1580 reverendi.
661 1515 756 1579 Prior
782 1515 906 1590 domus,
929 1516 1062 1601 proprio
1084 1515 1244 1580 vocabulo
1268 1516 1375 1581 dietus
1398 1518 1490 1581 Basi-
1505 1490 1658 1607 thetidem

431 1618 507 1694 lius,
531 1640 601 1704 prae
632 1617 826 1682 meritorum
861 1618 1043 1682 eminentia
1074 1621 1108 1681 et
1139 1618 1306 1683 virtutum
1329 1642 1491 1705 praeroga·
1506 1585 1649 1701 affigo„

432 1719 514 1797 tiva,
538 1741 607 1784 non
632 1718 724 1784 aliud
755 1740 853 1803 quam
881 1725 1022 1797 sanctire,
1046 1718 1089 1782 ab
1119 1720 1171 1782 his
1202 1720 1259 1805 qui
1290 1743 1365 1784 eum
1393 1743 1493 1785 nove·
1508 1743 1659 1800 eleusinus,

433 1828 521 1901 rant,
560 1820 780 1886 communiter
818 1820 958 1885 vocitari
993 1827 1215 1886 consueverat.
1262 1821 1493 1907 Sequebantur
1506 1809 1641 1925 {ffissgat

434 1945 511 1987 eum
543 1927 577 1987 et
608 1923 727 2000 oaeteri,
758 1944 818 1988 nec
848 1945 868 1987 a
898 1924 1043 2002 remotis,
1066 1944 1126 2010 per
1159 1924 1303 1989 culmina
1325 1924 1492 2011 religionis
1506 1942 1586 1992 char-

435 2030 692 2090 consummatae:
732 2046 792 2089 nec
830 2030 901 2088 erat
939 2024 1034 2089 facile
1077 2026 1153 2109 quis
1192 2026 1379 2101 ferventior,
1417 2028 1491 2111 quis
1504 2015 1659 2125 {effim-

434 2126 610 2211 perfectior
631 2126 722 2191 inter
751 2126 834 2203 illos,
856 2126 981 2191 censeri
1011 2126 1174 2212 potuisset
1204 2128 1400 2214 dignoscere.
1448 2128 1490 2192 In
1507 2114 1578 2191 rita.

433 2250 533 2315 grege
556 2228 713 2294 laicorum
744 2225 948 2314 complures¹
981 2229 1181 2309 eminebant,
1205 2230 1336 2294 eximiis
1358 2230 1491 2316 praediti

435 2331 532 2395 donis
553 2333 744 2417 gratiarum.
789 2330 937 2396 Plurima
966 2331 1007 2396 de
1034 2331 1177 2396 horum²
1200 2333 1393 2410 virtutibus,
1417 2356 1491 2418 quae

434 2432 564 2498 utiliter
594 2434 822 2510 scriberentur,
858 2434 1079 2519 agnovimus3
1110 2455 1226 2499 verum
1262 2434 1338 2519 quia
1370 2435 1413 2498 ad
1443 2456 1490 2512 ea,

434 2557 511 2620 quae
533 2535 704 2621 specialius
733 2533 905 2600 referenda
934 2536 1144 2620 suscepimus,
1168 2557 1228 2600 nos
1258 2536 1491 2601 insufficientes

434 2636 596 2714 videmus,
636 2637 874 2724 digressionum
918 2637 1019 2702 etiam
1067 2639 1248 2702 necessaria
1294 2638 1491 2703 diverticula

433 2739 582 2805 studiose
605 2739 811 2805 declinamus.

483 2842 610 2907 Tantus
632 2842 759 2928 igitur³
789 2843 824 2906 in
854 2841 1027 2907 domandis
1058 2841 1248 2927 corporibus
1274 2842 1372 2927 rigor,
1395 2846 1493 2907 tanta
1506 2852 1659 2932 Thengou,

435 2947 474 3009 in
498 2946 603 3031 rigore
629 2945 825 3010 servabatur
856 2945 1017 3021 discretio,
1043 2951 1090 3022 ut,
1113 2944 1259 3009 medium
1289 2967 1364 3009 cum
1387 2944 1493 3010 beatis
1505 2922 1659 3038 {ssssdffi

436 3048 589 3125 tenendo,
611 3048 697 3112 nihil
719 3048 807 3112 infra
830 3048 917 3112 uires
941 3047 1015 3132 quis
1042 3047 1176 3134 aggredi
1199 3052 1375 3113 contentus
1398 3054 1492 3125 esset,
1506 3024 1658 3103 Carihusian

434 3151 522 3215 nihil
555 3151 643 3235 quod
672 3150 795 3214 virium
825 3155 930 3214 metas
968 3150 1141 3215 excederet
1170 3172 1328 3228 exercere,
1362 3150 1493 3215 etiamsi
1505 3118 1595 3234 ΜΘ),

434 3252 547 3328 vellet,
570 3252 740 3317 sineretur.
788 3250 955 3316 Fervebat
977 3252 1013 3315 in
1037 3273 1209 3316 commune
1232 3251 1381 3315 studium
1404 3253 1492 3316 inter

434 3375 492 3419 eos
523 3353 639 3441 rigidae
669 3354 885 3440 paupertatis,
918 3353 1158 3439 superfluitatis
1190 3352 1311 3428 odium,
1347 3374 1492 3417 necessa-

434 3456 563 3520 riorum
584 3455 737 3542 parcitas,
761 3455 886 3520 oblivio
917 3455 1158 3541 temporalium,
1182 3454 1327 3519 ambitus
1352 3458 1492 3518 aeterno-

434 3580 521 3632 rum,
545 3558 727 3622 communis
761 3556 932 3621 humilitas
955 3562 990 3621 et
1013 3556 1120 3621 cordis
1152 3555 1318 3631 contritio,
1339 3555 1491 3620 omnibus

434 3661 537 3725 etiam
560 3654 766 3724 communis⁴
798 3661 850 3722 sui
881 3657 983 3743 ipsius
1017 3658 1168 3743 abjectio,
1192 3655 1366 3744 praelatio⁶
1389 3658 1490 3722 socio-

433 3784 519 3826 rum.
555 3761 637 3827 Haec
659 3760 748 3826 enirn
770 3765 810 3825 ut
833 3760 1010 3837 monachis,
1034 3761 1143 3825 itaet
1167 3760 1340 3837 conversis,
1358 3759 1490 3825 indiffe-

434 3864 525 3929 renti
559 3862 669 3927 studio
701 3861 914 3926 inoleverant.
961 3861 1040 3925 Jam
1078 3883 1156 3926 vcro
1195 3862 1283 3926 inter
1316 3862 1490 3926 monachos

433 3964 570 4051 legendi
598 3963 786 4043 assiduitas,
810 3964 1055 4051 contemplandi
1085 3962 1280 4040 sublimitas,
1307 3964 1490 4027 meditandi

434 4074 472 4132 et
496 4066 610 4130 orandi
634 4066 793 4132 defaeoata
822 4066 979 4143 suavitas
1009 4066 1056 4131 sic
1085 4065 1229 4152 palmam
1259 4065 1427 4141 tenebant,
1450 4069 1490 4128 ut

434 4170 607 4234 videretur
628 4167 821 4233 incredibile
852 4175 1013 4253 quantum
1044 4169 1149 4234 etiam.
1174 4167 1266 4232 laicis
1288 4165 1431 4255 gratise⁰
1453 4168 1489 4231 in

434 4272 489 4336 his
513 4269 677 4335 affluebat.
723 4269 873 4356 Excepto
904 4270 991 4355 quod
1022 4292 1080 4357 per
1103 4291 1137 4335 se
1160 4270 1273 4335 literas
1303 4275 1490 4336 atramento

440 4461 577 4470 0-—-·-·----
591 4463 601 4466 --
616 4463 618 4467 ·
634 4462 645 4469 a
665 4462 671 4469 ·

473 4570 638 4638 'conflated
669 4572 704 4620 So
726 4572 777 4629 B.;
802 4572 965 4634 complures*
1022 4569 1168 4635 ⁵proelua'o]
1195 4571 1230 4624 so
1249 4573 1300 4632 B.;
1326 4581 1349 4621 et
1370 4572 1492 4635 prelatio,

437 4650 591 4716 quidemc.
989 4650 1018 4700 C.

471 4729 697 4790 ελονιυιι,8οΒ.;
716 4730 852 4789 commo.

473 4809 583 4874 affiw]
603 4808 639 4859 So
651 4810 699 4867 B.;
717 4810 762 4870 ibi,
774 4809 803 4860 0,
816 4810 866 4860 and
878 4808 936 4859 pez,
1023 4797 1115 4845 ‘etium
1136 4796 1207 4846 laicis·
1225 4797 1326 4862 pratia]
1349 4798 1383 4846 So
1400 4796 1449 4846 B.:
1467 4800 1492 4842 et

474 4890 484 4917 ⁴
497 4887 605 4936 omnibus
616 4890 687 4938 etrum
696 4889 838 4953 somniaris]
859 4887 944 4945 Soles
989 4876 1061 4924 lalcis
1072 4876 1162 4938 limilss·
1175 4875 1203 4925 G·

436 4967 558 5017 omnibns
570 4968 595 5017 in
608 4984 749 5024 commune,
762 4968 792 5019 C.

1340 5065 1359 5102 ,.
