4125 6334
597 1123 641 1188 98
821 1136 902 1185 vrri
925 1136 950 1185 a.
974 1136 1131 1188 eunoun
1155 1135 1423 1188 amcoaumusra

598 1312 775 1378 universali
797 1313 860 1378 eibi
884 1316 955 1378 erat
978 1312 1158 1391 miracula,l
1183 1314 1363 1379 conditoris
1385 1314 1446 1394 sui,
1470 1336 1544 1399 quae
1567 1335 1652 1379 nun·

597 1438 698 1502 quarn
729 1415 760 1481 ei
798 1417 919 1493 deerat,
959 1416 1182 1503 praecordialis
1219 1417 1410 1493 recordatio,
1448 1416 1650 1504 magnalium

598 1541 726 1606 quoque
764 1519 853 1584 illius
896 1521 1062 1606 stupenda
1099 1526 1133 1586 et
1177 1520 1418 1608 inexplicabilis
1460 1520 1649 1586 multitude.

431 1629 542 1711 Though
599 1622 746 1689 Plurima
763 1645 850 1703 vero,
868 1622 912 1687 ad
931 1623 1042 1689 suam⁹
1065 1624 1169 1710 ipsius
1187 1623 1384 1710 quandoque
1406 1623 1651 1702 relevationem,

430 1698 577 1814 limais)
598 1748 725 1791 necnon
763 1734 797 1791 et
834 1725 975 1790 aliorum
1013 1726 1134 1813 saepiue
1168 1726 1431 1812 opitulationem,
1468 1749 1528 1813 per
1563 1747 1649 1806 eum,

431 1830 586 1909 servorum
599 1830 678 1895 dum
710 1828 890 1906 adviveret,
925 1851 983 1893 seu
1018 1829 1176 1894 scientem
1207 1851 1265 1895 seu
1297 1830 1506 1911 nescientem,
1534 1830 1651 1895 Domi·

430 1913 567 2015 mmi-
597 1956 678 1998 num
701 1932 889 1998 exhibuisse
920 1932 1087 2011 miracula,
1111 1931 1238 1997 nemini
1268 1931 1350 2019 qui³
1380 1933 1576 1998 familiarius
1598 1933 1651 1998 illi

598 2034 742 2102 adhaesit
771 2036 934 2100 incertum
966 2033 1039 2099 fuit.
1097 2034 1162 2100 Sed
1193 2057 1253 2100 nec
1283 2036 1356 2113 ista,
1380 2058 1454 2123 quae
1484 2041 1651 2123 utcunque

598 2139 752 2206 fidelibus
789 2137 1060 2203 communicanda
1103 2138 1290 2217 scribemus,
1331 2139 1385 2226 pie
1422 2140 1565 2217 lecturis,
1602 2140 1651 2204 rei

537 2289 542 2300 ·
598 2243 697 2330 hujne
719 2242 893 2320 certitudo,
912 2261 1055 2327 superna
1078 2241 1262 2329 opitulante
1284 2244 1401 2328 gratia,
1424 2242 1652 2330 denegabitur.

599 2346 684 2411 Haec
706 2368 785 2410 vero
808 2346 848 2410 de
878 2345 1038 2431 prooemio
1068 2344 1194 2409 libelli⁴
1227 2344 1326 2430 hujus
1360 2346 1453 2410 tertii
1484 2346 1521 2409 in
1543 2346 1648 2412 vitam

597 2449 686 2515 beati
719 2448 782 2513 viri
817 2447 1003 2535 pmlibasse
1042 2447 1190 2513 sufficiat.
1235 2448 1313 2513 Jnnr
1351 2449 1498 2516 lrietoriae
1531 2449 1650 2515 seriem

598 2552 742 2618 incultus
764 2551 842 2617 licet
864 2550 971 2638 stylus
994 2550 1135 2617 evolvat.

951 2750 1101 2839 Ecplicit
1123 2751 1296 2838 Proloyoe.

631 3057 637 3086 ¹
650 3053 778 3120 miraculo]
799 3056 833 3104 So
850 3056 880 3104 B.
893 3056 942 3104 and
960 3055 1018 3104 Poz.
1031 3076 1039 3112 ;
1057 3071 1102 3121 pro
1122 3075 1125 3158 ¹
1147 3138 1167 3186 (1
1179 3060 1188 3085 ³
1199 3057 1255 3122 qni]
1271 3058 1400 3109 SoB.and
1412 3059 1471 3108 Pez.
1483 3081 1489 3117 ς
1502 3060 1559 3125 qnia
1570 3061 1649 3118 enim,

598 3134 633 3183 mi
677 3136 728 3191 nlo,
759 3169 769 3184 „
1170 3176 1175 3186 .

600 3295 621 3344 (1
631 3136 801 3279 :irlamsso
825 3215 853 3264 ll.
875 3217 925 3266 aud
946 3216 1025 3274 I'ez.3
1053 3218 1100 3274 sui,
1121 3181 1125 3312 ἕ
1145 3215 1286 3344 ewa]
1307 3218 1342 3266 So
1360 3218 1391 3268 B.
1410 3220 1460 3268 and
1479 3220 1559 3279 Pez.;
1580 3220 1649 3276 libri.
