4125 6334
813 1151 915 1201 ursnn
940 1154 960 1210 1,
983 1155 1052 1201 cnr.
1079 1156 1112 1202 n.
1231 1176 1236 1183 -
1449 1140 1482 1201 ll

425 1347 530 1412 supra
551 1347 649 1412 quam
684 1326 777 1391 focile
809 1328 874 1392 dici
897 1335 1015 1415 posset,
1040 1329 1161 1416 spiritu
1184 1327 1357 1415 sapientia
1380 1334 1414 1393 et
1437 1328 1487 1392 in-

427 1429 586 1509 tellectus,
618 1434 758 1516 gustans
790 1452 878 1507 vere,
908 1431 1080 1518 magisque
1113 1455 1151 1497 ac
1189 1431 1294 1518 magis
1332 1431 1487 1498 hauriens

427 1531 635 1597 dulcedinem
659 1532 802 1599 coelestis
818 1533 987 1612 doctrinae,
1003 1534 1135 1600 avidius
1158 1534 1310 1599 inhiabat
1332 1534 1488 1600 uberibus

427 1634 546 1700 matris
580 1634 731 1701 eeclesiae.
790 1636 873 1700 Erat
909 1637 940 1701 ei
978 1660 1019 1702 ex
1055 1642 1128 1702 toto
1162 1639 1316 1702 voluntas
1351 1638 1387 1701 in
1417 1637 1488 1724 lege
1500 1644 1542 1695 Ps.
1555 1645 1572 1695 i.
1586 1654 1609 1697 2.

427 1737 575 1813 Domini,
609 1737 646 1802 in
678 1760 743 1823 qua
767 1739 993 1805 meditabatur
1025 1741 1079 1805 die
1111 1763 1148 1805 ac
1182 1747 1286 1806 nocte.
1341 1740 1487 1806 Curabat

427 1838 609 1906 solicitius¹
644 1841 680 1904 in
715 1842 804 1906 omni
839 1842 1029 1908 humilitate
1065 1848 1100 1908 et
1134 1843 1288 1929 puritate,
1313 1844 1485 1928 utriusque

427 1943 613 2021 (athizetae,
649 1943 794 2007 hominis
826 1944 982 2010 videlicet
1014 1946 1155 2031 riga-ntis
1179 1946 1333 2022 exterius,
1357 1950 1392 2010 et
1422 1945 1486 2011 Dei
1503 1950 1652 2002 leonins.

428 2046 572 2111 interius
605 2048 847 2112 incrementum
879 2048 1000 2126 dantia,
1024 2048 1160 2114 monitis
1184 2055 1218 2114 et
1240 2048 1378 2114 nutibus
1401 2048 1487 2113 doci-

426 2149 494 2215 lem
526 2172 559 2215 se
594 2154 628 2215 ct
662 2150 862 2215 submissum
901 2151 1064 2216 exhibere,
1125 2150 1296 2229 Currebat,
1331 2157 1370 2216 ut
1404 2151 1488 2216 alter

427 2252 574 2332 Samuel
609 2254 652 2317 ad
683 2253 771 2340 quod
809 2277 884 2319 eum
917 2255 1086 2319 invitabat
1116 2276 1195 2319 suus
1225 2255 1283 2319 illo
1322 2254 1488 2339 quondam

427 2355 594 2443 caligante
617 2357 797 2441 meliorque
820 2363 855 2422 et
877 2356 1035 2422 humilior
1059 2358 1170 2443 Hely;
1201 2363 1244 2435 et,
1267 2380 1341 2422 cum
1365 2358 1642 2433 eodem‚1lseg.iii.

427 2459 564 2524 vocanti
585 2459 622 2523 in
644 2482 722 2525 ame
745 2459 852 2524 cordis
875 2481 951 2523 eum
975 2460 1121 2524 Domino
1144 2460 1262 2538 aiebat,
1296 2467 1314 2495 “
1331 2460 1486 2546 Loquere,
1502 2435 1524 2489 ρ’
1538 2431 1584 2479 ἃς·

428 2573 446 2595 “
473 2561 625 2642 Domine,
650 2562 729 2648 quia
761 2561 858 2627 audit
881 2584 995 2627 servus
1020 2561 1128 2628 tuus.’'
1176 2562 1337 2629 Certabat
1360 2563 1395 2626 in
1418 2563 1488 2648 ejus

427 2665 541 2729 animo
589 2686 664 2730 cum
713 2664 826 2729 studio
871 2664 995 2729 sciendi
1045 2664 1242 2730 desiderium
1286 2664 1487 2749 adimplendi

429 2766 639 2832 voluntatem
662 2767 807 2831 Domini.
856 2766 1006 2831 Noverat
1029 2767 1173 2851 quidem,
1188 2767 1274 2832 sicut
1290 2767 1395 2852 majus
1419 2788 1487 2831 esse

428 2869 642 2934 benefacere
666 2892 764 2955 quam
788 2869 1052 2955 sci1·e‚itaprius
1076 2892 1145 2933 esse
1170 2869 1254 2934 hanc
1285 2869 1365 2934 scire
1388 2890 1486 2954 quam

428 2971 555 3037 facere:
590 2973 714 3037 sciebat
746 2972 789 3048 id,
823 2971 911 3055 quod
945 2971 1084 3036 inferius
1118 2972 1235 3037 horum
1258 2975 1308 3035 est
1331 2970 1485 3050 utilitate,

429 3075 575 3163 primum
610 3097 679 3139 esse
717 3073 909 3161 proficiendi
946 3074 1067 3152 ordine,
1101 3080 1135 3139 et
1165 3074 1322 3160 temporis
1352 3075 1486 3140 ratione.

429 3178 614 3244 Nitebatur
629 3199 758 3257 omnem
775 3175 911 3241 Domini
934 3177 984 3240 sni
1009 3177 1217 3242 voluntatem
1232 3176 1360 3262 plenius
1383 3199 1486 3255 nosse,

429 3306 474 3348 ne
520 3280 604 3345 forto
649 3281 858 3366 ignorantem
901 3278 1064 3343 Dominus
1102 3279 1276 3364 ignoraret.
1338 3279 1487 3345 Cavebat
1503 3290 1646 3343 leoena

430 3383 592 3452 solicitius
623 3404 664 3446 ne
695 3383 749 3448 vel
783 3404 840 3468 per
875 3403 1015 3447 errorem
1053 3381 1237 3446 omittendo
1267 3381 1403 3467 agenda,
1434 3363 1540 3447 vel³⁸·

429 3485 641 3554 admittendo
663 3486 817 3560 cavenda,
841 3484 884 3549 ad
907 3484 1098 3550 inimicitiae
1122 3484 1258 3549 Domini
1292 3484 1487 3569 quandoque

430 3594 641 3677 erumperet,
673 3593 707 3653 et
730 3589 819 3652 inter
841 3586 954 3651 fideles
978 3609 1098 3664 servae,
1122 3609 1203 3672 quos
1228 3587 1301 3673 pius
1324 3587 1488 3652 Dominus
1500 3597 1560 3648 Joh.
1574 3614 1618 3652 xv.

429 3694 554 3761 amicos
577 3713 652 3757 suos
674 3690 828 3777 appellat,
852 3690 974 3755 censeri
999 3712 1067 3755 non
1098 3695 1216 3776 posset,
1240 3689 1331 3775 cujus
1358 3690 1488 3756 animus
1504 3669 1541 3714 ¹⁵·

430 3821 472 3864 eo
506 3795 615 3861 minus
649 3792 827 3859 custodiret
861 3814 927 3878 qno
961 3791 1172 3879 periculosius
1204 3793 1378 3878 ignoraret.
1433 3792 1488 3858 Ad

430 3905 611 3983 utrumque
635 3896 738 3983 igitur
752 3895 858 3971 velox,
883 3894 925 3958 nd
948 3900 1125 3981 utrumque
1147 3893 1253 3970 solers,
1281 3901 1315 3960 et
1336 3895 1488 3981 ignorare

430 4025 507 4089 quae
537 4001 601 4066 Dei
635 4006 715 4064 sunt
749 4004 787 4063 ut
818 4000 935 4064 enoris
967 3999 1179 4064 seminarium
1210 4003 1243 4063 et
1275 3999 1488 4084 delinquendi

430 4105 581 4172 fomitem
605 4103 786 4181 devitabat,
804 4108 839 4167 et
861 4103 976 4189 agnita
997 4123 1066 4167 non
1089 4101 1233 4188 implere,
1257 4100 1345 4187 quod
1368 4101 1489 4167 multa
1500 4118 1618 4169 Luexii.

430 4231 506 4275 rum
529 4207 702 4294 plagarum
725 4205 823 4271 sciret
845 4204 1019 4282 lucrosum,
1042 4212 1080 4270 ut
1103 4211 1286 4270 extremam
1309 4205 1487 4291 perniciem
1500 4187 1540 4235 ⁴⁷·

428 4310 587 4398 fugiebat
626 4308 802 4373 Verissime
816 4307 900 4372 illud
922 4308 1011 4373 beati
1026 4307 1050 4373 J
1051 4307 1094 4373 ob
1109 4308 1138 4372 ei
1154 4330 1331 4395 congruere
1346 4308 1488 4374 fidenter

429 4413 584 4494 dixerim,
608 4412 688 4499 quia
712 4420 872 4497 “semper
902 4417 942 4476 nt
977 4415 1143 4478 tumentes
1167 4433 1331 4498 superse
1365 4411 1487 4478 fluctus
1500 4424 1647 4476 sonum

431 4527 448 4553 ‘⁴
474 4516 591 4581 timuit
614 4513 821 4591 Dominum,''
844 4514 880 4579 id
909 4515 998 4600 quod
1022 4514 1171 4600 seqnitur
1202 4514 1302 4579 altius
1325 4538 1484 4602 pensans:
1501 4499 1541 4542 ²³·

431 4631 447 4654 ‘¹
474 4616 616 4695 Sciens‚''
639 4618 757 4703 inquit,
783 4622 802 4651 “
818 4617 903 4701 quod
929 4639 995 4681 non
1021 4639 1169 4703 parceres
1192 4617 1426 4704 delinquenti.”
1500 4626 1559 4678 Job.
1568 4626 1604 4676 ix.
1614 4630 1653 4676 as.

477 4722 501 4788 J
503 4744 557 4787 am
584 4742 663 4785 vero
695 4720 879 4806 pubertatis
914 4726 1060 4807 tempore
1093 4721 1347 4787 adolescentiam
1370 4721 1487 4787 mediis

429 4826 470 4890 in
492 4845 532 4889 eo
566 4823 662 4887 annis
693 4821 878 4900 dirimente,
901 4828 1064 4910 quantum
1087 4824 1300 4902 discretionis,
1325 4828 1486 4912 quantum

772 5098 777 5127 ¹
790 5096 922 5164 solicitius]
942 5098 1056 5150 sollicius
1067 5098 1094 5149 in
1106 5098 1162 5149 MS.
