4125 6334
790 1168 892 1217 mnan
914 1169 945 1230 v,
971 1167 1118 1219 (11111111
1417 1152 1482 1224 377

431 1362 604 1407 concursus
633 1340 837 1427 populorum,
868 1347 908 1407 ut
937 1341 1023 1406 infra
1052 1342 1216 1408 modicum
1248 1348 1378 1429 tempus
1404 1364 1483 1428 qua·
1496 1350 1626 1415 Offerings

431 1442 585 1529 draginta
606 1464 788 1508 marcarum
806 1464 971 1509 summam
992 1442 1178 1509 oblatorum
1198 1444 1369 1530 quantitas
1391 1466 1482 1510 exce·
1495 1418 1598 1533 fflfm

432 1546 533 1612 dact.
578 1544 751 1611 Jaocntem
781 1550 892 1611 autem
922 1545 958 1610 in
987 1545 1096 1611 medio
1126 1546 1233 1611 filium
1266 1546 1349 1612 lucis
1371 1546 1424 1612 die
1447 1551 1481 1612 et
1494 1550 1524 1599 of
1534 1565 1603 1599 more

430 1652 526 1713 nocto
547 1646 737 1713 ambiebant
759 1647 824 1712 viri
854 1652 889 1713 et
918 1647 1059 1726 feminae,
1083 1652 1233 1713 tenentes
1263 1650 1299 1713 in
1328 1648 1481 1714 manibus
1491 1616 1632 1733 fflffimy

430 1771 536 1816 cereos
557 1749 721 1829 ardentes,
744 1755 779 1815 et
801 1749 837 1814 in
859 1750 993 1815 modum
1024 1772 1152 1817 coronae
1174 1751 1280 1837 gloria
1301 1757 1336 1818 et
1358 1751 1481 1817 honore

430 1858 620 1918 coronatum
642 1874 665 1917 a
686 1852 830 1917 Domino
852 1851 1007 1918 continuo
1030 1853 1206 1938 cingentes.

474 1954 567 2020 Tunc
588 1953 745 2041 magister
773 1954 797 2021 J
798 1954 942 2020 ohannes
972 1954 1231 2034 Iaeircestrensis,
1253 1957 1307 2021 vir·
1328 1955 1482 2022 literatus
1493 1958 1564 2039 Jopn
1576 1962 1623 2050 of,

429 2064 464 2121 et
485 2056 675 2134 industrius,
689 2055 879 2141 hujusmodi
897 2056 1063 2122 distichon
1080 2057 1124 2122 ad
1142 2058 1240 2143 pedes
1262 2056 1333 2143 ejus
1354 2026 1637 2157 poauuffiffl

429 2160 552 2245 inquo
575 2157 773 2244 multiplices
795 2160 962 2223 virtutum
984 2158 1055 2243 ejus
1078 2160 1312 2247 praerogativas
1336 2160 1592 2228 brevitertfibute·

431 2260 600 2348 expressit,
625 2261 757 2325 dicens:

455 2399 654 2465 Pontificum
684 2400 827 2477 baculus,
861 2401 1094 2466 monachorum
1124 2422 1249 2482 norma,
1276 2400 1459 2467 scholarum

499 2501 683 2579 Consultor,
707 2523 820 2589 regum
843 2501 990 2580 malleus,
1013 2501 1115 2588 Hugo
1137 2501 1210 2568 fuit
1546 2529 1600 2573 1³5.

432 2641 483 2707 Dc
505 2641 556 2705 his
578 2639 725 2728 singulis,
749 2640 866 2706 baculo
892 2639 1016 2707 scilicet
1038 2647 1073 2707 et
1096 2662 1220 2719 norma,
1243 2642 1426 2707 consultore
1448 2648 1482 2708 et

432 2743 558 2822 malleo,
582 2742 646 2808 etsi
676 2742 818 2829 plurima
848 2765 923 2828 quae
952 2743 1134 2809 diceremus
1163 2750 1344 2822 occurrant,
1370 2749 1481 2809 tamen

431 2845 509 2931 quia
539 2845 630 2909 finiri
660 2845 757 2932 longe
786 2844 945 2931 prolixior
974 2867 1075 2931 quam
1109 2845 1320 2932 sperabamus
1353 2846 1482 2911 libellus

431 2952 591 3034 expectat,
613 2946 682 3013 brac
705 2946 806 3012 latius
836 2946 910 3012 aliis
939 2948 1114 3014 tractanda
1144 2946 1303 3026 cedentes,
1328 2949 1481 3013 lectorem

432 3050 567 3115 interim
597 3049 820 3136 presentium,
846 3054 886 3115 ut
916 3071 958 3115 ex
987 3050 1135 3116 minimis
1165 3049 1289 3135 majora
1320 3050 1480 3136 conjiciat,

431 3152 473 3216 ad
496 3174 535 3216 ea
555 3173 629 3237 quae
647 3149 719 3237 jam
743 3149 892 3238 superius
922 3151 1012 3217 dicta
1038 3158 1118 3217 sunt
1139 3151 1250 3218 animo
1271 3153 1481 3218 retractanda

431 3253 642 3320 destinamus

476 3356 539 3421 Die
562 3361 700 3442 postera,
723 3355 803 3418 dum
826 3358 1016 3440 portaretur
1038 3355 1080 3419 ad
1107 3354 1280 3433 tumulum,
1305 3354 1481 3421 mutilatur
1492 3374 1582 3425 raray,

1493 3424 1551 3467 Nor.
1560 3429 1591 3468 24.

431 3456 606 3523 hincinde
628 3454 781 3522 scissione
804 3455 918 3521 crebra
947 3477 1113 3521 sacrarum
1140 3456 1260 3542 quibus
1282 3456 1481 3522 induebatur
1493 3475 1572 3575 pap
1580 3477 1612 3569 αὖ
1615 3538 1630 3569 u

430 3560 581 3625 vestium.
627 3555 777 3624 Sacrari¹
802 3557 979 3624 admodum
1002 3580 1037 3624 se
1060 3559 1221 3637 credebat,
1245 3559 1392 3646 quisquis
1414 3559 1619 3669 taleporapr

431 3661 636 3748 sacrilegium
667 3660 871 3726 committere
902 3660 1068 3739 valuisset,
1096 3666 1136 3727 ut
1165 3661 1202 3726 in
1232 3683 1321 3727 sacro
1352 3683 1480 3726 sacrum
1492 3637 1631 3772 pffipgr

431 3765 472 3830 de
503 3785 593 3829 sacro
626 3761 776 3848 aliquid²
798 3762 966 3848 rapuisset
1012 3762 1170 3849 Sepultus
1202 3770 1261 3843 est,
1294 3763 1380 3828 sicut
1410 3764 1565 3850 ipsenlica

430 3867 526 3932 nobis
548 3869 755 3953 praeeperat,
779 3884 871 3929 secus
900 3864 1069 3951 parietem,
1091 3885 1159 3929 non
1181 3865 1294 3951 procul
1317 3866 1359 3930 ab
1381 3866 1480 3930 altari
1492 3853 1642 3949 {lffifflff

431 3970 535 4035 sancti
565 3966 730 4034 Johannis
761 3964 933 4052 Baptistae,
956 3972 990 4032 et
1011 3966 1098 4032 sicut
1128 3967 1237 4031 visum
1268 3971 1318 4030 est
1347 3954 1628 4056 proptersslplffiffou

431 4093 593 4137 accessum
615 4068 811 4135 confluentis
832 4067 945 4154 populi
975 4068 1080 4154 magis
1107 4088 1292 4153 congruere,
1315 4089 1335 4131 a
1356 4069 1479 4133 boreali
1490 4054 1649 4151 ffiffl‘

431 4173 534 4261 ipsius
556 4173 638 4239 aedis
660 4171 800 4259 regione.

477 4276 549 4341 Rex
570 4276 650 4362 ipse,
669 4296 711 4339 ox
733 4273 784 4338 his
807 4294 880 4358 quae
903 4272 1068 4337 divinitus
1089 4270 1227 4357 gloriose
1249 4270 1384 4353 fiebant,
1401 4293 1480 4360 erga
1491 4283 1562 4349 King

432 4378 495 4443 Dei
532 4376 697 4442 hominem
736 4379 958 4461 compunctus,
997 4378 1078 4439 tunc
1118 4372 1223 4460 primo
1260 4373 1323 4440 sibi
1360 4375 1479 4440 certius
1491 4349 1625 4480 fflssgnc

432 4485 634 4567 compertum
668 4499 737 4544 esse
767 4476 945 4564 perhibuit,
976 4476 1094 4562 quanti
1127 4498 1226 4562 penes
1260 4477 1366 4542 Deum
1400 4477 1560 4542 ordonn
1578 4488 1628 4535 ond

432 4582 631 4647 monasticus
652 4581 714 4645 loci
736 4578 844 4656 fuerit,
859 4579 895 4643 in
916 4601 982 4665 quo
1001 4578 1045 4642 ad
1063 4583 1194 4644 tantam
1214 4579 1315 4666 ipsius
1338 4578 1478 4665 gratiam
1491 4550 1635 4669 ξέᾟξιξζ

431 4684 484 4749 vir
512 4685 576 4749 iste
607 4682 775 4748 succrevit.
823 4682 945 4748 Flexus
978 4682 1080 4747 etiam
1113 4682 1155 4746 ad
1188 4681 1385 4768 insperatam
1416 4681 1605 4747 cle-tereiana·

1309 4849 1313 4854 .
1330 4848 1461 4856 .-—.—

464 4932 604 4998 ’δαπανᾷ
651 4933 686 4982 So
722 4932 801 4991 MS.;
836 4930 934 4982 Sacrari
1013 4929 1309 4995 ²iaaacro,..alr'qaid]
1329 4930 1478 4993 SoMS.;a

431 5013 498 5063 onim
510 5012 551 5063 rel
563 5012 792 5074 sanctificari‚l'cz.
980 5024 1051 5061 sacro
1062 5008 1126 5059 sacri
1138 5007 1241 5073 aliquid,
1252 5009 1311 5059 Per.
