4125 6334
798 1182 902 1231 mam
924 1182 957 1245 ν,
980 1183 1053 1232 car.
1070 1182 1127 1233 xv.
1418 1168 1484 1231 329

351 1353 357 1360 '
431 1359 535 1420 nnata
563 1378 666 1442 usque
699 1357 736 1420 in
772 1356 874 1422 finem
908 1356 1121 1422 sacerdotalis
1151 1355 1248 1421 officii
1281 1355 1483 1430 executione,
1554 1379 1560 1390 ·

432 1481 574 1543 quonam
604 1460 774 1538 instinctu,
803 1483 824 1524 a
855 1459 1034 1546 primordio
1060 1459 1175 1524 statim
1205 1457 1336 1544 adeptae
1367 1458 1485 1523 discre-

433 1562 542 1638 tionis,
555 1568 652 1628 tanto
674 1563 847 1629 sacerdotii
870 1584 981 1629 amore
1003 1562 1207 1650 flagraverit,
1230 1567 1270 1626 ut
1293 1560 1485 1645 inquirenti,

431 1663 517 1729 sicut
532 1669 568 1730 et
589 1665 627 1729 in·
648 1665 827 1752 praemissis
841 1665 1025 1746 retulimus,
1042 1665 1116 1731 viro
1131 1665 1274 1751 quodam
1289 1668 1404 1729 sancto
1424 1660 1481 1728 an¹
1499 1675 1593 1742 Sapra,

431 1767 531 1832 vellet
554 1767 703 1834 sacerdos
733 1766 816 1845 fieri,
838 1790 919 1834 voce
942 1767 1191 1855 promptissima
1222 1766 1258 1831 id
1287 1787 1484 1853 magnopere
1496 1760 1520 1807 p·
1533 1750 1572 1793 ³⁶·

432 1869 514 1934 velle
541 1892 575 1935 ae
602 1870 761 1935 continuo
784 1870 1004 1957 responderet
1053 1869 1150 1949 Quod
1173 1891 1251 1935 sane
1273 1891 1342 1936 non
1365 1868 1485 1933 idcirco

430 1971 547 2049 voluit,
571 1977 610 2037 ut
632 1971 711 2036 inde
727 1972 821 2037 'inter
844 1971 993 2036 homines
1008 1972 1126 2057 quovis
1147 1970 1272 2037 bonore
1295 1971 1486 2057 proficeret;

430 2072 488 2137 scd
508 2073 551 2138 ob
573 2072 634 2138 hoc
657 2079 801 2152 tantum,
825 2079 864 2139 ut
886 2094 925 2140 eo
948 2074 1055 2161 magis
1078 2073 1248 2160 magisque
1269 2073 1358 2159 apud
1375 2073 1484 2138 Deum
1532 2075 1614 2122 1131)·

429 2180 464 2240 et
498 2175 534 2238 in
568 2175 676 2239 Deum
710 2175 918 2261 proficiendo,
946 2174 1019 2240 Deo
1050 2175 1184 2240 tandem
1219 2174 1485 2263 inseparabiliter

428 2276 609 2341 inhaereret
657 2276 757 2342 Unde
791 2276 877 2342 sicut
911 2276 1041 2362 pridem
1075 2277 1261 2356 monachus,
1285 2277 1414 2362 quoties
1442 2277 1484 2341 dc
1497 2278 1585 2341 lluah.

431 2381 589 2465 permissu
612 2379 737 2444 ordinis
760 2379 865 2456 licuit,
888 2379 938 2444 ita
962 2380 1035 2466 jam
1059 2380 1238 2467 episcopus,
1261 2381 1390 2466 quotics
1412 2345 1612 2466 pos-mlii

429 2482 582 2548 sibilitati
607 2483 692 2547 ratio
714 2484 890 2559 concurrit,
905 2482 1022 2547 missas
1045 2482 1207 2548 celebrare
1230 2481 1322 2546 nullo
1338 2478 1635 2568 sempor-corbion»,

430 2585 648 2671 praetermisit
704 2584 757 2647 Ex
788 2605 853 2669 qua
876 2584 1041 2670 praecipue
1064 2584 1209 2648 muneris
1230 2583 1314 2649 sacri
1336 2559 1632 2661 devotis-Q„

429 2686 511 2751 sima
526 2685 856 2771 frequentissimeque
878 2685 1098 2772 perceptione,
1113 2690 1148 2749 et
1163 2684 1362 2771 singularem
1378 2683 1484 2750 cordis
1496 2685 1614 2793 0Pt1‘02'f11·

430 2789 639 2870 munditiam,
663 2794 697 2853 et
721 2788 979 2875 insuperabilem
1006 2788 1203 2854 constantiae
1226 2761 1651 2876 caeterarumquelblbmang

428 2891 620 2957 firmitatem
642 2892 816 2970 virtutum,
839 2890 987 2956 obtinere
1010 2891 1201 2977 promeruit.
1247 2891 1314 2957 Sed
1338 2896 1373 2955 et
1396 2890 1482 2954 invi-
1495 2894 1569 2928 ”¹³⁵⁸-

430 2995 575 3059 sibilium
603 3016 722 3072 rerum,
756 2999 791 3059 et
824 2993 1050 3080 spiritualium
1082 2993 1243 3079 mysteria
1275 3000 1483 3073 secretorum,

431 3097 518 3162 inter
540 3097 612 3184 ipsa
640 3097 822 3161 reverenda
854 3096 989 3161 canonis
1020 3103 1147 3163 secreta
1178 3097 1209 3162 ei
1241 3097 1406 3163 divinitus
1428 3120 1484 3184 pa-

429 3200 538 3276 tuisse,
562 3199 766 3264 familiares³
790 3221 857 3264 non
879 3198 989 3263 latuit.
1405 3266 1407 3271 .

473 3301 663 3386 Aliquando
685 3300 891 3387 capellanum
914 3323 1021 3377 suum,
1042 3322 1140 3386 quem
1163 3300 1269 3387 pridie
1290 3302 1483 3387 sanguinem
1496 3308 1552 3358 'rte

429 3405 585 3470 minuisse
614 3405 749 3481 sciebat,
780 3404 913 3469 missam
945 3403 1124 3469 celebrasse
1156 3403 1321 3490 cognovit.
1378 3403 1484 3483 Quem
1497 3376 1593 3426 acuar.

428 3514 509 3575 tunc
531 3508 664 3593 quidem
687 3507 808 3572 blande
831 3506 999 3594 corripuit.
1057 3506 1123 3572 Sed
1148 3509 1210 3573 hoc
1231 3507 1353 3571 iterum
1377 3510 1486 3572 atten-

429 3616 557 3677 tantem
580 3610 696 3676 durius
710 3610 905 3698 increpavit,
922 3610 1071 3676 districte
1093 3610 1270 3697 prohibens
1291 3633 1332 3676 ne
1347 3610 1486 3676 ulterius

429 3714 464 3779 id
487 3715 593 3780 facere
623 3719 843 3801 praesumeret.
901 3713 947 3778 Et
977 3714 1124 3801 perimis
1149 3736 1191 3779 ex
1221 3713 1283 3778 tali
1305 3735 1485 3800 praesump-

429 3817 520 3883 tione
543 3838 611 3882 non
633 3816 733 3882 semel
747 3816 913 3893 accidisse,
928 3816 1059 3901 sibique
1074 3816 1259 3882 innotuisse
1273 3817 1484 3882 memorabat.

474 3919 607 3995 Verum,
631 3923 671 3983 ut
691 3923 802 4005 coepta
818 3918 973 4004 procedat
996 3919 1110 3997 oratio,
1135 3918 1222 3983 diem
1245 3919 1410 3984 adventus
1432 3918 1484 3983 sui
1497 3925 1574 3989 Hugh

430 4023 466 4087 in
488 4021 644 4109 Angliam
668 4020 757 4108 apud
780 4020 938 4097 Douram,
961 4020 1020 4085 ubi
1039 4020 1209 4107 applicuit,
1236 4042 1301 4084 una
1327 4042 1402 4085 cum
1425 3991 1625 4109 cle-lssssffffll‘

429 4125 506 4190 ricis
528 4124 667 4210 aliisque
689 4123 877 4189 domesticis
899 4130 934 4188 et
959 4121 1074 4187 amicis
1096 4122 1173 4201 suis,
1198 4143 1338 4208 quorum
1362 4121 1485 4187 ibidem

429 4225 530 4293 turba
562 4247 630 4292 non
668 4225 798 4291 modica
833 4230 998 4311 speratam
1036 4228 1072 4289 et
1109 4224 1343 4311 praecognitam
1382 4224 1487 4311 ipsius

429 4328 640 4418 praesentiam
663 4334 901 4415 expectaverat,
923 4328 1038 4393 laetam
1070 4327 1167 4392 laetus
1199 4325 1270 4413 ipse
1299 4348 1373 4393 cum
1401 4327 1486 4394 laetis

430 4432 551 4519 exegit

477 4534 520 4599 In
534 4533 678 4600 crastino
694 4533 934 4599 Doroberniam
949 4533 1051 4599 venit
1098 4531 1153 4598 lbi
1168 4534 1292 4601 Christi
1315 4533 1484 4599 basilicam
1498 4542 1554 4591 The
1567 4551 1629 4592 next

430 4660 509 4704 mox
531 4637 648 4703 urbem
673 4636 839 4725 ingressus
861 4636 989 4716 adivit3
1015 4636 1052 4701 in
1080 4659 1153 4723 qua,
1176 4637 1282 4724 primo
1305 4635 1348 4700 sd
1371 4636 1484 4701 Salva
1496 4611 1602 4727 ἓζζζῖ

431 4740 513 4808 toris
534 4763 634 4821 aram,
658 4739 779 4805 deinde
804 4739 848 4805 ad
878 4739 1024 4827 singulas
1055 4744 1243 4806 sanctorum
1274 4740 1309 4803 in
1331 4761 1370 4803 ea
1394 4738 1484 4823 quie·
1497 4743 1569 4807 bury.

657 4945 739 4951 ......-..
762 4945 809 4950 .-.,
887 4943 916 4950 ..-
984 4945 1009 4949 -..
1073 4944 1081 4950 .
1103 4945 1106 4950 ,
1242 4945 1244 4949 ,
1285 4943 1289 4948 .
1342 4942 1345 4946 ·
1374 4942 1434 4947 ---
1444 4942 1484 4951 --

633 5069 640 5099 ¹
652 5067 700 5135 aa]
719 5084 749 5119 ae
761 5069 786 5118 ia
797 5069 855 5120 MS.

633 5147 805 5215 ’familiored
827 5148 862 5200 So
873 5147 950 5210 MS:
967 5146 1104 5200 anilium
1116 5145 1203 5212 ipsius,
1213 5146 1274 5198 Pes.
