4125 6334
597 1143 661 1208 196
820 1151 901 1202 rum
923 1154 949 1202 s.
972 1152 1130 1202 nucoms
1152 1150 1423 1202 ursoounrsssra

596 1333 613 1361 ‘¹
637 1332 689 1391 tas
711 1325 747 1389 in
769 1347 833 1406 ore,
857 1326 993 1392 castitas
1015 1345 1146 1413 quoque
1169 1326 1205 1391 in
1230 1345 1365 1413 corpore
1389 1344 1457 1390 non
1490 1320 1656 1388 fallaciter

597 1437 613 1461 “
638 1427 847 1493 Christiani.’'

430 1546 478 1596 11'n
490 1544 574 1597 tench-
643 1529 833 1595 Disserebat
856 1529 897 1595 de
924 1530 976 1595 his
1000 1551 1085 1618 saepe
1108 1529 1161 1595 vir
1187 1528 1251 1595 Dei
1274 1528 1436 1606 diffusius,
1459 1528 1579 1593 harum
1601 1547 1654 1594 os·

430 1615 475 1676 ing
486 1628 514 1662 ra
524 1622 551 1662 to

431 1679 539 1728 married

432 1760 541 1810 persons.

599 1632 738 1697 tendens
774 1639 874 1720 atque
914 1631 1122 1720 distinguens
1159 1632 1329 1697 virtutum
1365 1631 1587 1719 proprietates
1619 1635 1657 1696 et

600 1735 827 1800 differentias:
868 1735 985 1801 doeens
1019 1735 1123 1801 etiam
1154 1734 1355 1821 conjugatos,
1387 1755 1548 1800 mensurae
1584 1755 1656 1800 sure

599 1836 723 1902 limites
749 1838 886 1904 minime
910 1836 1190 1915 transcendentes,
1213 1836 1379 1904 castitatis
1393 1835 1509 1902 decore
1530 1857 1658 1923 nequa

599 1962 699 2026 quam
726 1941 913 2027 privandos,
936 1939 996 2005 sed
1021 1961 1098 2005 eum
1121 1939 1310 2026 virginibus
1332 1938 1460 2026 pariter
1481 1942 1517 2005 et
1547 1937 1659 2004 oonti·

600 2042 757 2108 nentibus
791 2064 941 2130 superma
971 2041 1192 2107 beatitudinis
1222 2041 1329 2129 gloria
1359 2039 1537 2106 donandos.
1599 2038 1659 2106 Sia

599 2149 731 2210 sanctus
763 2144 961 2231 simplicium
997 2143 1126 2208 animos
1162 2142 1372 2222 informabat,
1405 2140 1563 2228 quatinus
1591 2141 1659 2207 sub

600 2246 796 2333 compendio
819 2246 962 2332 quodam
982 2246 1088 2311 totius
1105 2245 1372 2312 Christianitatis
1390 2266 1460 2311 sune
1478 2243 1544 2309 sibi
1565 2244 1660 2309 aesti·

601 2354 732 2413 marent
746 2368 907 2413 summam
925 2346 1069 2433 depingi,
1086 2353 1187 2433 atque
1202 2346 1243 2412 de
1258 2351 1378 2413 caetero
1393 2367 1493 2433 seque
1514 2365 1659 2432 suosque

601 2450 702 2516 verbo
717 2451 859 2535 quodam
882 2449 1078 2514 abbreviato
1094 2455 1129 2514 et
1143 2449 1314 2536 perspicuo
1328 2468 1535 2514 commonere
1553 2453 1660 2535 atque

600 2553 764 2617 instruere
790 2552 900 2617 forent
926 2550 1046 2617 idonei.
1092 2550 1173 2635 Ejus
1199 2572 1343 2636 namque
1367 2550 1411 2615 ad
1432 2550 1583 2616 homines
1608 2551 1660 2616 in-

601 2656 722 2732 doctos,
746 2660 786 2720 ut
809 2655 981 2741 Scriptura
1002 2655 1042 2719 de
1062 2652 1282 2740 prudentibus
1306 2653 1396 2729 dicit,
1411 2658 1485 2718 erat
1506 2651 1661 2718 doctrina

600 2759 715 2824 fimilis.
784 2758 872 2825 Nam
912 2758 1001 2823 inter
1030 2756 1192 2843 perfectos
1221 2755 1418 2841 loquebatur
1450 2755 1659 2842 sapientiam,

601 2861 785 2946 quibusque
818 2857 1101 2926 exercitatissimis
1137 2857 1175 2922 in
1208 2858 1320 2923 studio
1350 2857 1523 2945 sapientiae
1552 2859 1661 2923 admi-

599 2963 748 3027 rande-m.

646 3066 710 3130 llla
732 3087 812 3130 vero
844 3065 915 3150 ejus
947 3064 989 3129 ad
1022 3063 1236 3151 simpliciores
1267 3063 1468 3151 praedicatio,
1500 3064 1659 3150 quemad-

599 3168 734 3232 modum
749 3167 922 3232 erudiebat
936 3165 1112 3244 auditores,
1127 3166 1177 3231 ita
1192 3166 1359 3231 interdum
1373 3189 1434 3232 nos
1447 3168 1660 3254 provocabat,

600 3271 657 3356 qui
680 3270 762 3335 vitra
785 3269 874 3335 illius
905 3291 1033 3334 eramus
1064 3269 1273 3355 inspectores,
1299 3267 1459 3334 doetrinae
1480 3268 1571 3335 illius
1593 3269 1660 3334 for·

601 3374 726 3436 inulam
748 3372 830 3436 adeo
854 3370 1015 3436 efficacem
1038 3371 1082 3434 ad
1103 3370 1310 3437 subtiliorem
1333 3393 1464 3437 morum
1487 3372 1559 3456 ejus
1581 3393 1659 3438 eon·

599 3474 832 3538 siderationem
869 3472 993 3537 referre.
1056 3472 1215 3539 Manebat
1246 3495 1324 3538 sane
1357 3495 1419 3539 nos
1456 3474 1529 3540 haec
1559 3476 1661 3541 toties

600 3577 811 3660 repetitque
842 3597 916 3638 eum
947 3578 1044 3638 tanto
1073 3595 1200 3662 semper
1230 3576 1352 3641 mentis
1381 3577 1499 3643 ardore
1530 3576 1660 3663 prolata

601 3677 670 3762 ejus
693 3675 891 3751 exhortatio,
914 3675 1136 3760 scrupulosius
1166 3678 1237 3742 haec
1266 3679 1433 3744 virtutum
1456 3679 1602 3766 insignia
1624 3680 1660 3743 in

601 3778 747 3841 moribus
777 3776 848 3862 ejus
879 3777 1077 3863 perscrutari
1111 3783 1146 3843 et
1172 3780 1252 3845 vita.
1308 3780 1340 3844 A
1374 3781 1494 3867 quibus
1527 3781 1661 3847 demum

494 3897 533 3941 5.
601 3881 866 3945 animadversum
890 3888 948 3959 est,
972 3885 1015 3956 et,
1040 3885 1203 3965 quantum
1233 3887 1347 3948 nostra
1369 3884 1449 3949 tulit
1471 3884 1659 3964 restimatio,

602 3984 723 4049 certius
757 3982 1005 4069 deprehensum,
1044 4004 1157 4048 omnes
1195 4006 1277 4070 quos
1315 3987 1467 4050 novimus
1505 3987 1661 4052 mortales

603 4087 743 4152 eulmine
765 4086 1007 4151 excellentioris
1038 4088 1272 4172 praerogativae
1302 4088 1412 4174 ipsum
1434 4088 1470 4153 iu
1493 4090 1662 4175 praedictis

603 4190 785 4254 virtutibus
808 4211 877 4255 esse
900 4210 1154 4276 supergressum.

649 4292 698 4357 De
722 4292 812 4376 cujus
839 4292 975 4357 interim
999 4292 1147 4369 caritate,
1173 4297 1212 4357 ut
1243 4292 1284 4358 de
1311 4293 1449 4380 singulis
1476 4292 1661 4358 virtutibus

604 4393 656 4458 his
677 4393 787 4477 aliqua
808 4394 954 4459 breviter
976 4400 1160 4480 tangamus,
1183 4393 1223 4460 de
1247 4395 1393 4477 caritate,
1418 4395 1562 4479 inquam,
1585 4418 1661 4482 quae

604 4496 654 4559 illi
677 4496 720 4559 ad
742 4496 849 4560 Deum
873 4504 907 4561 et
927 4497 1116 4583 proximum
1140 4519 1267 4584 semper
1288 4498 1323 4561 in
1346 4498 1442 4562 eorde
1457 4497 1530 4575 fuit,
1547 4520 1661 4584 quam·

604 4600 655 4664 vis
686 4599 821 4685 dignum
861 4599 987 4684 aliquid
1025 4599 1084 4662 vix
1122 4600 1296 4685 quisquam
1328 4599 1422 4665 effari
1455 4608 1564 4685 queat,
1589 4602 1661 4687 jam

604 4703 752 4789 superius
766 4707 888 4778 tamen,
907 4707 1006 4786 prout
1029 4701 1203 4787 imperitiae
1227 4709 1350 4768 nostrae
1373 4704 1433 4768 sub
1456 4708 1553 4769 tanto
1576 4726 1661 4770 eom·

603 4806 722 4894 pendia
746 4801 900 4891 possibile
922 4803 997 4880 fuit,
1021 4804 1181 4869 nonnulla
1204 4805 1406 4891 digessimus

649 4909 699 4973 Dc
738 4904 910 4994 privilegio
948 4906 1050 4970 etiam
1089 4908 1219 4973 eximiae
1258 4908 1423 4973 eastitatis
1460 4908 1591 4974 eoelitus
1630 4911 1661 4976 ei

604 5013 731 5088 collato,
754 5010 837 5075 illud
867 5009 902 5073 in
934 5010 1156 5096 superioribus
1185 5010 1328 5077 habetur
1350 5028 1553 5099 expressum·
1572 5014 1661 5099 quod
