4125 6334
617 1139 681 1203 194
837 1148 918 1200 vnn
940 1151 966 1201 s.
990 1149 1147 1200 nuaoms
1169 1145 1441 1199 nmconurnusrs.

615 1322 692 1388 licet
714 1322 903 1407 ubicunque
925 1321 1071 1387 locorum
1097 1321 1312 1401 constitutus,
1344 1318 1488 1407 perfecte
1518 1337 1591 1384 rem
1613 1338 1674 1384 no·

615 1426 715 1490 minis
745 1425 945 1512 exprimeret
975 1423 1082 1490 Jacob
1104 1429 1139 1489 et
1169 1423 1281 1505 Israel,
1305 1424 1360 1488 hic
1388 1427 1502 1488 tamen
1533 1419 1674 1486 liberius

616 1528 745 1595 dilectae
776 1528 952 1594 fovebatur
984 1526 1201 1614 amplexibus,
1236 1534 1271 1591 et
1308 1525 1443 1592 uberius
1474 1525 1675 1612 pascebatur

450 1631 731 1700 Gen.xxix.·deeore
752 1630 905 1696 formosae
927 1629 1073 1695 Rachel:
1111 1629 1288 1716 perfectius
1309 1629 1364 1695 hic
1395 1626 1544 1694 taediosae
1573 1626 1675 1692 decli-

452 1717 490 1766 Π·
615 1736 718 1800 nabat
740 1734 810 1800 Liae
836 1733 1080 1821 lippitudinem
1137 1732 1214 1813 Hic,
1238 1732 1340 1826 quasi¹
1357 1730 1467 1796 Heliae
1493 1736 1529 1796 et
1554 1727 1672 1795 Enoch

615 1836 808 1903 concubinio
836 1836 1042 1923 jungeretur,
1082 1835 1201 1900 mundi
1238 1834 1390 1900 turbines
1427 1833 1673 1919 tranquillitate

615 1940 759 2027 paradisi
784 1961 818 2004 se
843 1946 990 2005 mutasse
1012 1937 1188 2026 gaudebat.
1240 1937 1357 2004 Coetus
1381 1958 1523 2022 namque
1545 1936 1671 2024 gemini

614 2042 867 2108 consistentium
881 2041 930 2108 ibi
945 2041 1182 2107 monachorum
1204 2045 1306 2127 atque
1320 2061 1561 2117 conversorum,
1576 2038 1671 2126 quasi

615 2144 696 2210 dues
718 2146 794 2210 illos
807 2144 1011 2232 praetendere
1026 2143 1229 2210 videbantur
1245 2143 1388 2229 justitiae
1402 2147 1502 2229 atque
1516 2143 1674 2208 innoeen-

614 2247 673 2312 tire
687 2268 874 2334 praeoones3
896 2269 978 2332 quos
1004 2247 1164 2312 hactenus
1179 2247 1221 2312 de
1235 2247 1401 2312 communi
1424 2251 1530 2312 morte
1551 2245 1671 2310 mundi

614 2350 857 2436 omnipotentia
898 2350 1087 2416 Conditoris
1137 2350 1284 2415 noscitur
1326 2353 1553 2436 sequestrasse.
1620 2347 1670 2413 Hi

615 2475 742 2541 nempe,
757 2454 843 2519 sicut
857 2458 892 2519 et
917 2453 975 2530 illi,
990 2476 1059 2540 prae
1074 2454 1201 2519 caeteris
1223 2475 1306 2541 pene
1329 2453 1533 2531 mortalibus,
1548 2473 1670 2528 serene,

614 2577 735 2637 secure,
769 2561 804 2622 et
834 2556 1024 2642 tranquille,
1058 2557 1274 2643 perfluuntur
1303 2557 1385 2622 vitae
1423 2555 1669 2641 quodammodo

614 2660 756 2725 coelestis
781 2660 954 2725 suavitate.
1002 2658 1098 2726 Inter
1119 2660 1243 2726 medios
1268 2660 1408 2725 istarum
1434 2658 1573 2724 sortium
1601 2657 1669 2724 Do-

614 2763 697 2827 mini
713 2763 815 2828 eleros
831 2761 996 2828 dormiens
1018 2763 1166 2849 ejusdem
1180 2764 1288 2828 vineae
1303 2761 1440 2828 Domini
1459 2761 1609 2828 Sabaoth
1632 2761 1668 2826 in

462 2945 470 2967 ,
507 2883 546 2928 aa.
614 2865 766 2950 partibus
780 2865 846 2930 illis
866 2866 1036 2951 plantator
1050 2866 1185 2952 primus,
1200 2866 1430 2931 inebriabatur
1449 2864 1492 2930 ab
1510 2864 1665 2931 ubertate

471 2959 490 2992 ⁸·
503 2960 583 2995 xxxv.
614 2966 731 3031 domus
762 2967 917 3048 Domini3
948 2969 1005 3032 sed
1027 2967 1164 3032 minime
1190 2968 1316 3033 derisus
1343 2990 1364 3033 a
1395 2967 1508 3046 Cham,
1531 2989 1670 3033 venera·

473 3068 714 3139 enarrabatur
735 3092 756 3132 a
779 3069 856 3135 Sem
880 3074 913 3135 et
937 3069 1070 3157 Japbet.
1117 3072 1163 3136 Et
1186 3072 1318 3157 quidem
1351 3071 1587 3137 verecundiora
1610 3094 1671 3137 sua

473 3160 494 3192 ⁰·
614 3170 790 3259 detegebat
822 3173 877 3250 eis,
900 3195 921 3236 a
951 3173 1071 3259 quibus
1102 3174 1218 3240 abluta
1247 3182 1280 3240 et
1311 3174 1440 3239 detersa
1469 3174 1671 3240 velabantur

612 3275 756 3363 vestigia
778 3275 848 3363 ejus
871 3275 974 3362 pallio
1000 3276 1142 3363 geminae
1177 3276 1397 3356 confessionis,
1420 3278 1537 3364 siquo
1561 3276 1669 3344 foeda-

612 3380 738 3444 bantur
767 3379 902 3465 pulvere
932 3378 1110 3444 mundanae
1136 3379 1403 3445 conversationis.
1450 3378 1505 3444 Sic
1535 3402 1670 3468 quoque

522 3496 591 3544 ‚xvi
613 3482 760 3547 tenacius
783 3480 992 3545 custodiebat
1006 3482 1207 3547 vestimenta
1227 3505 1294 3563 sua,
1309 3506 1351 3548 ne
1367 3482 1420 3547 vel
1435 3483 1479 3548 ad
1501 3482 1671 3549 modicum

480 3598 485 3607 ·
613 3586 648 3647 in
663 3584 812 3668 qualibet
828 3582 879 3646 sui
903 3587 997 3668 parte
1020 3585 1130 3648 nudus
1153 3585 1358 3667 ambularet3
1381 3608 1447 3672 quo
1470 3585 1540 3671 ejus
1564 3609 1672 3673 quau·

613 3685 813 3771 tulaeunque
837 3684 1014 3769 turpitudo
1038 3685 1172 3764 divinis,
1196 3688 1266 3753 sive
1294 3688 1458 3775 angelicis
1480 3693 1540 3753 aut
1564 3691 1670 3755 etiam

612 3788 765 3853 humanis
781 3789 1008 3875 conspectibus
1030 3797 1210 3877 appareret.
1257 3790 1390 3856 Sciebat
1412 3815 1553 3879 namque
1564 3794 1671 3880 juxta

448 3912 599 3964 leonius.
612 3891 795 3978 apostolum
833 3913 866 3956 se
898 3891 1022 3956 factum
1058 3893 1322 3978 “Spectaculum
1356 3894 1432 3960 huic
1463 3897 1598 3976 mundo,
1634 3905 1670 3965 et

446 4017 547 4080 sopiri,
563 4027 597 4071 m
612 4006 628 4030 ‘⁴
651 3996 784 4083 angelis,
810 4000 845 4060 et
868 3993 1089 4076 hominibus,''
1112 4000 1147 4060 et
1174 3996 1356 4061 Dominum
1379 4000 1545 4064 “serutari
1567 3999 1670 4065 Jeru-

612 4109 630 4135 “
652 4101 753 4164 salem
776 4100 812 4162 in
842 4099 1012 4164 lucernis.”
1059 4098 1165 4164 Erant
1194 4123 1274 4165 vero
1306 4101 1353 4165 ibi
1384 4102 1518 4188 plurimi
1550 4104 1671 4189 proba·

610 4203 692 4266 biles
715 4202 896 4288 trapezitae,
920 4203 976 4289 qui
998 4203 1168 4280 librarent,
1196 4205 1432 4282 examinarent,
1455 4211 1555 4292 atque
1579 4208 1670 4294 diju-

610 4305 759 4369 dicarent
789 4327 898 4370 secum
928 4307 1078 4392 figuram,
1109 4309 1246 4393 pondua,
1279 4313 1313 4372 ot
1345 4309 1516 4373 metallum
1551 4333 1666 4375 eorum

611 4427 685 4490 quae
710 4409 876 4472 tractabat
899 4408 1139 4474 dominicorum
1162 4410 1383 4490 talentorum3
1410 4434 1452 4476 ne
1476 4412 1556 4498 quid
1579 4412 1667 4479 forte

611 4507 708 4572 ineis
730 4510 869 4586 levana
892 4512 973 4595 quid
993 4512 1103 4576 minus
1126 4512 1180 4577 vel
1201 4536 1321 4600 purum
1341 4514 1498 4580 ultimum
1520 4516 1668 4580 inveniri

445 4642 492 4689 His
502 4642 585 4691 habits
611 4612 780 4697 potuisset.
828 4612 986 4680 Manebat
1011 4636 1100 4679 more
1116 4616 1256 4681 aliorum
1272 4618 1307 4681 in
1322 4618 1402 4683 cella
1417 4619 1573 4696 solitaria,
1589 4641 1668 4705 quac

444 4708 597 4760 atWithaur.
610 4737 736 4803 semper
766 4716 796 4780 ei
827 4716 950 4802 absque
982 4718 1229 4784 inhabitatore¹
1254 4743 1359 4785 vacua
1382 4721 1597 4803 servabatur3
1630 4725 1667 4788 in

703 5032 710 5060 ¹
723 5031 896 5101 inhabitatore]
924 5034 959 5086 So
977 5034 1034 5087 MS.
1046 5054 1053 5097 ,ε
1071 5036 1216 5096 habitatore,
1229 5036 1287 5089 Pea.
1300 5040 1349 5089 aud
1361 5039 1403 5090 W.
1415 5041 1446 5090 de
1457 5040 1567 5092 Worde.
