4125 6334
501 1150 542 1211 54
723 1156 806 1207 vrrs
829 1158 854 1205 s.
878 1155 1037 1205 ausonis
1059 1154 1331 1204 meorumnam.

502 1347 520 1374 “
542 1338 640 1401 unico
670 1356 730 1398 vos
763 1345 797 1398 ct
831 1330 1053 1397 efficacissimo
1085 1331 1225 1396 liberam
1257 1330 1397 1417 potestis
1419 1326 1563 1395 consilio.

333 1455 434 1522 Hugh’s
501 1450 518 1475 “
542 1441 603 1505 Est
628 1440 665 1502 in
687 1437 785 1502 domo
816 1434 977 1501 Certusiae
1008 1433 1144 1520 quidam
1174 1433 1362 1512 monachus,
1393 1433 1563 1499 natalibus

334 1522 472 1639 {ffiff’
501 1551 519 1579 “
543 1542 676 1628 quidem
710 1538 828 1619 clarus,
851 1538 909 1603 sed
940 1558 1072 1603 morum
1105 1536 1308 1602 strenuitate
1346 1536 1444 1623 longe
1480 1559 1564 1623 prae-
1630 1540 1632 1548 “

334 1657 467 1705 noueman
502 1656 519 1681 “
542 1640 680 1720 atatim)
698 1642 833 1707 nomine
849 1640 1005 1727 Hugode
1020 1639 1164 1705 Avalun.
1206 1638 1283 1716 Hic,
1295 1638 1387 1704 omni
1397 1639 1564 1705 virtutum

335 1723 472 1839 pppgauri-
500 1757 518 1783 “
540 1748 650 1834 gratia
673 1746 854 1820 decoratus,
877 1744 928 1808 ita
949 1746 1001 1807 est
1027 1742 1182 1808 omnibus
1211 1743 1270 1827 qui
1299 1763 1375 1806 eum
1397 1746 1563 1808 noverunt

503 1858 521 1887 “
544 1856 696 1935 acceptus
726 1852 763 1912 et
783 1847 957 1934 gratiosus,
979 1849 1021 1910 ut
1043 1844 1113 1910 solo
1136 1850 1271 1931 aspectu
1294 1845 1443 1910 omnium
1469 1846 1506 1909 in
1527 1866 1562 1909 se

504 1961 521 1988 “
544 1952 655 2039 rapiat
675 1950 821 2015 affectus
869 1947 935 2027 Qui
950 1968 1031 2012 vero
1053 1943 1181 2011 etiam'
1194 1946 1335 2012 verbum
1357 1946 1471 2014 abore
1493 1948 1563 2034 ejus

504 2063 522 2091 “
544 2055 658 2120 audire
681 2059 860 2131 merentur,
875 2056 1037 2136 tanquam
1060 2046 1239 2115 divinum³
1254 2071 1288 2115 se
1302 2051 1358 2115 vel
1379 2050 1563 2137 angelicum

503 2174 519 2192 ··
543 2156 689 2244 gaudent
721 2153 890 2219 oraculum
925 2153 1114 2240 percepisse.
1166 2152 1278 2218 'Hunc
1306 2153 1335 2217 si
1367 2152 1499 2218 novella
1528 2155 1564 2219 in

500 2265 520 2296 “
543 2259 695 2345 partibus
718 2256 825 2321 adhuc
840 2256 962 2319 vestris
982 2255 1183 2320 sanctissimi
1206 2255 1330 2320 ordinis
1352 2255 1450 2341 hujus
1471 2257 1565 2344 plan·

502 2373 518 2398 ‘¹
542 2363 629 2428 tatio
652 2361 812 2426 cultorem
834 2358 956 2423 habere
978 2358 1137 2424 meruerit
1160 2362 1261 2444 atque
1282 2364 1451 2440 rectorem,
1472 2360 1565 2426 vide·

503 2465 627 2530 “bitis
668 2486 740 2527 eam
784 2460 956 2527 laetissime
1001 2459 1045 2525 ad
1090 2482 1223 2526 omnem
1269 2461 1380 2527 subito
1423 2462 1566 2549 gratiam

512 2566 775 2632 ‘fructificando
813 2563 978 2651 proficere.
1055 2562 1140 2629 Tota
1176 2565 1310 2651 insuper
1346 2564 1488 2643 ecclesia,
1525 2570 1565 2631 ut

504 2680 520 2706 “
544 2676 654 2736 certus
676 2685 760 2745 sum,
784 2667 979 2754 Anglicana‚
1010 2664 1101 2731 illius
1133 2667 1319 2754 purissimae
1339 2667 1508 2754 religionis
1531 2674 1566 2734 et

503 2781 521 2808 ‘⁴
544 2772 800 2858 religiosissimae
829 2770 990 2858 puritatis
1019 2770 1129 2835 nitore
1156 2771 1331 2835 venustius
1353 2770 1568 2836 decorabitur.

505 2886 521 2909 “
546 2875 725 2954 Caeterum,
749 2873 830 2959 quia
862 2873 951 2937 hunc
975 2873 1026 2936 sui
1051 2893 1120 2937 non
1152 2873 1194 2937 de
1219 2871 1307 2937 facili
1339 2873 1495 2938 emittent
1524 2874 1567 2938 do

507 2988 525 3015 “
549 2979 647 3043 domo
672 2998 740 3053 sua,
763 2976 833 3063 ipse
865 2997 1005 3061 quoque,
1034 2997 1102 3039 non
1133 2976 1198 3040 nisi
1221 2980 1352 3041 coactus
1374 2981 1410 3042 et
1432 2978 1570 3057 invitm,
1677 3049 1683 3057 ,

506 3088 523 3116 “
548 3080 686 3143 alterius
700 3077 921 3143 habitationis
936 3077 1044 3142 adibit
1059 3079 1179 3156 sedem,
1195 3077 1369 3144 favorabili
1384 3077 1423 3145 et‘
1434 3085 1571 3145 strenua

391 3192 442 3239 ab.
508 3192 526 3217 “
550 3203 631 3267 opus
655 3185 705 3246 est
728 3181 901 3268 legatione,
924 3202 1060 3267 operosa
1090 3181 1192 3247 ctiam
1223 3203 1357 3268 precum
1388 3182 1570 3248 ambitione

510 3295 526 3321 “
550 3285 740 3362 nitendum,
764 3284 935 3370 quatinus,
963 3284 1025 3350 hoc
1055 3284 1124 3349 solo
1154 3286 1361 3369 quamtocius
1382 3286 1569 3372 impetrate,

509 3396 525 3425 “
548 3394 584 3453 et
616 3394 726 3453 vester
769 3388 810 3452 de
845 3393 962 3453 caetero
1001 3386 1133 3451 animus
1167 3409 1188 3451 a
1218 3388 1437 3453 solicitudinis
1469 3388 1568 3474 hujus

511 3501 527 3527 “
551 3490 712 3556 molestiis
734 3490 908 3569 relevetur,
925 3495 960 3555 et
982 3489 1054 3556 haeo
1069 3490 1220 3555 sublimis
1234 3490 1349 3576 religio
1364 3489 1408 3555 ad
1430 3491 1567 3578 gloriam

512 3602 528 3628 “
553 3592 759 3657 excellentiss
781 3599 901 3656 vestrae
929 3592 1093 3679 insignius
1115 3601 1323 3679 propagetur.
1384 3593 1570 3659 Invenietis

512 3705 528 3731 “
552 3696 589 3758 in
613 3716 680 3758 uno
704 3694 837 3759 homine
861 3694 936 3772 isto,
950 3715 1025 3759 oum
1049 3699 1241 3761 caeterarum
1264 3695 1482 3761 universitate
1504 3697 1571 3760 vir-

512 3810 528 3833 “
552 3802 674 3873 tutum,
690 3796 854 3882 quidquid
873 3796 1137 3884 longanimitatis
1152 3803 1186 3864 et
1201 3798 1391 3875 dulcedinis,
1407 3798 1570 3884 quidquid

512 3908 529 3935 “
552 3900 837 3986 magnanimitatis
859 3900 917 3965 et‘
944 3901 1220 3978 mansuetndinis,
1251 3902 1287 3965 in
1314 3901 1422 3986 aliquo
1448 3907 1570 3966 mortn-

514 4003 635 4068 “lium
673 4003 797 4090 poterit
835 4002 994 4090 reperiri.⁵
1056 4003 1150 4068 Nulli
1193 4003 1293 4087 hujus
1329 4004 1462 4090 ingrata
1502 4026 1571 4070 esse

511 4119 528 4141 “
553 4107 711 4171 vicinitas
734 4113 794 4170 aut
818 4106 1021 4171 cohabitatio
1045 4105 1137 4170 valet
1151 4102 1182 4185 ;6
1204 4106 1316 4170 nullus
1339 4105 1427 4170 hunc
1448 4107 1573 4173 vitabit

514 4222 529 4247 “
557 4216 595 4273 ut
618 4209 840 4294 alienigenam
855 4234 864 4289 ;
886 4208 999 4273 nullus
1024 4229 1092 4272 non
1107 4212 1148 4272 ut
1163 4208 1278 4287 civem,
1292 4213 1333 4273 ut
1347 4209 1573 4287 domesticum,

515 4320 533 4347 “
555 4315 596 4375 ut
607 4310 754 4388 fratrem,
769 4316 828 4376 aut
843 4311 986 4376 amioum
1002 4311 1169 4390 intimum,
1180 4311 1275 4375 illum
1289 4311 1448 4397 respiciet.
1480 4311 1514 4375 N
1516 4334 1570 4376 am

548 4619 788 4686 'strenuitatelorrge
801 4622 960 4690 preclarior]
981 4626 1016 4674 So
1040 4630 1042 4689 t
1100 4625 1273 4689 ⁴dulcedinis,
1301 4626 1420 4691 quidquid
1443 4626 1570 4691 magnoni·

513 4700 544 4749 B.
562 4703 611 4750 and
629 4702 688 4751 Pez.
702 4722 708 4759 ;
727 4701 858 4752 honestate
875 4705 949 4768 longe
967 4706 1017 4755 cla·
1040 4709 1042 4726 ³
1064 4708 1156 4755 mitaris
1173 4706 1210 4772 et]
1246 4706 1329 4757 These
1341 4708 1424 4755 vords
1439 4706 1465 4754 in
1479 4706 1507 4756 C.
1520 4707 1570 4755 and

513 4780 572 4841 rior,
585 4781 614 4831 C.
1041 4829 1042 4834 ,
1064 4787 1144 4844 Ρθι.;
1163 4788 1245 4836 notin
1258 4788 1287 4837 B.

544 4863 622 4909 Ωυενο
645 4860 731 4924 eoam]
760 4861 795 4910 So
818 4861 846 4912 O.
871 4864 920 4912 and
938 4864 1015 4923 Pez.;
1097 4864 1234 4932 5νερενίνι]
1256 4866 1476 4924 SoB.andPes.;
1499 4864 1569 4915 inve

511 4955 572 4989 vero
585 4940 682 5004 (only),
696 4940 726 4989 B.
1064 4945 1122 5005 uiri,
1140 4946 1167 4995 C.

545 5024 683 5083 nonquam
701 5020 824 5087 divinum]
855 5024 890 5073 So
914 5023 943 5075 C.
967 5027 1017 5074 and
1097 5024 1196 5091 ίὐαἱεί]
1217 5026 1293 5076 SoB.
1316 5027 1367 5074 and
1384 5026 1463 5083 Pez.;
1481 5031 1570 5088 potest,

512 5100 572 5147 l‘oz.
584 5119 591 5156 ς
610 5098 725 5149 divium
737 5101 832 5166 (only),
844 5102 876 5152 Β.
1065 5103 1094 5154 C.
