4125 6334
512 1106 578 1170 352
659 1129 665 1140 ·
736 1118 819 1168 vrrs
842 1118 867 1169 a
891 1118 1049 1169 HUGONIS
1073 1115 1342 1167 muoonmrusrs.

341 1295 441 1339 ΜΝ
555 1293 621 1359 Sed
648 1299 687 1358 ut
712 1298 747 1358 ct
777 1300 897 1360 caetera
925 1294 967 1358 de
998 1293 1155 1372 Martinq
1182 1299 1217 1358 ot
1246 1292 1288 1358 de
1318 1289 1462 1356 Martini
1493 1295 1578 1356 tune

339 1348 483 1500 ffiffin
509 1395 641 1475 famulo,
658 1418 747 1461 nunc
766 1401 878 1463 autem
895 1396 991 1475 socio,
1008 1418 1114 1461 sermo
1134 1397 1197 1461 iste
1221 1400 1426 1482 percurrat,
1431 1392 1574 1458 ‘bonam

339 1505 518 1606 {fflw
521 1497 715 1562 ‘virtutum
740 1520 874 1563 suarum
898 1498 1215 1564 consummationem
1237 1496 1402 1563 redditam
1424 1494 1573 1561 ecclesiae

340 1613 479 1657 ΒΜιιῑ.
510 1600 681 1685 “pacem'
684 1599 891 1665 'Martinus
925 1599 1081 1685 reliquit:
1122 1599 1224 1687 Hugo
1253 1598 1471 1664 nihilominus
1501 1619 1571 1662 non

342 1726 428 1794 sum„
429 1744 472 1793 p
508 1700 614 1765 solum
648 1702 879 1767 cantuariensi
917 1702 1070 1780 ecclesias,
1106 1706 1148 1768 ut
1182 1701 1315 1789 praefati
1350 1722 1474 1777 sumus,
1512 1699 1570 1765 sed

342 1799 397 1846 ¹³⁵·
507 1825 609 1890 regno
639 1804 770 1891 utrique
801 1804 985 1890 Anglorum
1019 1807 1055 1869 et
1085 1803 1297 1883 Francorum,
1332 1824 1391 1891 pro
1425 1822 1493 1889 qua
1524 1802 1570 1867 cis

508 1905 655 1990 citraque
694 1928 785 1970 mare
822 1906 945 1993 pluries
981 1905 1212 1982 desudaverat,
1250 1904 1418 1971 redditam
1454 1924 1568 1991 pacem

508 2008 674 2074 Martinus
704 2009 769 2075 iste
799 2008 983 2095 dereliquit.
1045 2008 1210 2073 Martinus
1245 2008 1322 2073 hinc
1355 2007 1568 2093 migraturum,

339 2105 473 2159 SSbed·
507 2133 607 2197 prope
632 2109 822 2177 assistenti¹
850 2110 983 2176 diabolo
1007 2109 1116 2176 dixit:
1142 2108 1266 2174 “Nihil
1289 2109 1326 2174 in
1346 2131 1408 2187 me,
1425 2107 1564 2186 funeste,

508 2219 526 2248 “
549 2213 711 2299 reperies:
740 2212 886 2277 Abrahae
910 2233 963 2276 me
989 2212 1082 2277 sinus
1112 2210 1274 2297 recipiet.”
1320 2211 1392 2276 Nec
1415 2210 1566 2276 diffiden-

507 2315 575 2379 tius
595 2315 636 2379 de
657 2335 699 2392 se,
716 2314 770 2379 vel
791 2315 831 2379 de
852 2336 911 2378 suo
935 2318 1068 2400 receptu
1085 2313 1187 2401 Hugo
1207 2313 1360 2391 sentiens,
1375 2320 1567 2379 constanter

364 2452 435 2494 ur,
464 2472 470 2484 .
507 2415 720 2501 loquebatur:
755 2415 861 2481 “Non
887 2416 950 2481 erit
970 2415 1091 2500 judicii
1116 2416 1186 2481 dies
1209 2437 1276 2502 qua
1298 2416 1368 2502 ipse
1396 2416 1565 2503 defungar,

392 2540 397 2550 ·
509 2526 526 2551 “
548 2518 605 2582 sed
632 2517 701 2583 dies
730 2517 848 2604 gratiae
878 2521 913 2582 et
942 2515 1203 2583 misericordiae.”
1263 2516 1335 2582 Ubi
1364 2516 1453 2582 enim
1484 2517 1565 2604 quid

507 2641 603 2684 suum
635 2620 802 2706 improbus
835 2619 891 2684 ille
921 2624 1056 2684 exactor
1090 2619 1222 2705 reperit,
1255 2640 1324 2685 non
1358 2619 1566 2705 permittitur

508 2722 664 2786 immunis
694 2721 853 2808 emigrare
883 2722 926 2786 ad
955 2720 1102 2807 requiem
1138 2722 1237 2787 alieni
1271 2724 1420 2787 retentor
1451 2720 1566 2802 debiti,

508 2825 592 2889 eitra
615 2824 832 2909 agitationem
857 2823 1011 2909 aequioris
1029 2822 1157 2910 judieii.

552 2926 605 2989 Ad
629 2926 810 3011 puritatem
833 2946 912 2990 vero
938 2932 974 2991 et
1000 2925 1149 2992 decorem
1169 2924 1294 2990 funeris
1320 2924 1470 3005 Martini,
1493 2924 1566 3011 qui·

507 3025 570 3089 bus
594 3033 629 3091 et
655 3026 692 3090 in
719 3032 825 3092 morte
855 3032 1006 3092 ostensus
1037 3032 1089 3093 est
1119 3049 1251 3113 gemma
1279 3026 1498 3107 sacerdotum,
1529 3026 1565 3092 id

509 3127 647 3213 Hugoni
670 3127 714 3193 ad
737 3128 863 3195 funeris
884 3129 1023 3216 gloriam
1048 3129 1259 3215 peculiariter
1281 3134 1419 3195 auctum
1443 3133 1503 3206 est,
1525 3133 1565 3195 ut

389 3281 395 3294 .
438 3244 470 3292 i.
509 3235 527 3263 ‘¹
549 3229 668 3295 vitro''
698 3231 783 3297 sicut
814 3231 982 3297 Martinus
1009 3238 1028 3267 “
1038 3232 1159 3318 purior,
1184 3236 1218 3297 et
1247 3230 1334 3297 lacte
1363 3229 1565 3313 candidior,''

508 3333 589 3397 rosis
619 3336 706 3419 quod
738 3335 779 3399 de
811 3334 958 3399 Martino
993 3338 1123 3399 tacetur
1153 3329 1353 3411 vementior,
1389 3333 1562 3398 hominum

507 3435 689 3500 innumeris
714 3436 860 3501 millibus
884 3437 1120 3502 ostenderetur.
1177 3435 1243 3501 Sed
1267 3436 1308 3501 de
1339 3435 1401 3501 hoc
1424 3436 1563 3501 inferius

506 3539 637 3623 planius
658 3540 791 3604 dicetur.
837 3539 925 3602 Nam
946 3540 986 3603 de
1006 3560 1128 3625 pompa
1141 3538 1265 3602 fimeris
1281 3537 1351 3624 ejus
1366 3538 1447 3624 quid
1464 3539 1564 3625 digne

506 3641 675 3703 dicemusl
720 3639 756 3703 Si
781 3638 821 3702 de
846 3661 981 3704 occursu
1008 3642 1242 3705 monachorum
1265 3644 1300 3704 et
1321 3641 1490 3727 virginum
1513 3663 1564 3707 re·

504 3740 587 3804 ferre
614 3745 787 3818 tentemus,
809 3745 927 3805 neuter
951 3741 1084 3827 quidem
1104 3742 1156 3807 vel
1180 3744 1260 3807 ordo
1277 3742 1414 3827 Hugoni
1433 3740 1564 3823 'defuit3

505 3841 562 3905 sed
585 3864 741 3906 numerus
764 3843 847 3907 forte
872 3849 907 3907 et
933 3843 1123 3923 multitude,
1150 3845 1279 3909 ratione
1308 3845 1461 3922 locorum,
1487 3846 1564 3910 huic

504 3943 641 4007 inferior
655 3944 709 4008 vel
730 3943 862 4010 brevior
888 3967 987 4031 quam
1004 3946 1150 4011 Martino
1174 3946 1248 4012 fuit.
1296 3946 1420 4011 Verum
1436 3947 1464 4010 si
1481 3948 1564 4032 quid

505 4046 541 4109 iu
565 4045 617 4111 his
639 4047 796 4133 gradibus
822 4047 923 4133 Hugo
954 4069 975 4111 a
999 4047 1145 4111 Martino
1176 4048 1286 4112 minus
1316 4047 1443 4125 habuit,
1468 4048 1505 4113 id
1531 4050 1564 4115 ei

505 4170 664 4234 supernus
694 4150 817 4213 arbiter
847 4149 884 4213 in
914 4149 1134 4236 dignitatibus
1169 4150 1353 4235 potioribus
1382 4151 1563 4236 supplevit.

436 4250 592 4314 Nam
624 4255 663 4315 ut
688 4250 728 4315 de
759 4251 978 4330 inferioribus,
1006 4272 1088 4335 quos
1119 4274 1188 4337 prae
1218 4253 1433 4317 multitudine
1464 4253 1566 4318 dinu-

373 4379 455 4420 seo
505 4373 629 4416 merare
658 4374 756 4417 nemo
785 4358 924 4438 poterat,
955 4358 1130 4432 taceamus,
1157 4353 1308 4440 Hugonis
1339 4352 1470 4418 funeri²
1501 4364 1565 4422 aut

410 4453 682 4546 saepulturae
713 4454 889 4520 interfuere
919 4455 1153 4541 archiepiscopi
1187 4460 1263 4535 tres,
1293 4455 1447 4541 praesules
1478 4478 1564 4543 qua-

533 4660 701 4666 --.—.—
721 4661 783 4665 ---
815 4662 976 4666 ..—.——
998 4661 1130 4666 .--.-.--.-
1146 4662 1201 4666 ——-.
1299 4661 1552 4668 ..-ἢ-

540 4796 545 4823 ¹
559 4792 696 4859 amount]
713 4769 815 4842 'ostenti
837 4792 864 4840 in
885 4791 961 4852 MS.;
979 4808 1007 4841 so
1051 4792 1163 4856 bishops,
1176 4795 1231 4851 dcc,
1243 4801 1381 4859 presentat
1398 4794 1501 4858 llugh's
1520 4797 1562 4847 fu·

505 4872 558 4924 also
578 4891 663 4939 cupro,
681 4889 705 4937 p.
719 4878 776 4921 324.
814 4870 874 4921 S.S.
886 4872 933 4921 has
953 4871 1007 4920 dia·
1051 4872 1129 4931 neral,
1141 4887 1182 4921 see
1194 4872 1316 4923 Hoveden
1328 4871 1438 4934 (Sovile,
1450 4880 1497 4924 461
1518 4878 1566 4940 b).

505 4949 582 4999 tolum
594 4953 654 5001 vidit
663 4969 740 5018 prope
751 4953 872 5000 (morere.
1052 4951 1092 5000 lle
1104 4966 1162 5015 says
1173 4951 1243 5000 there
1251 4967 1315 5001 wera
1324 4951 1433 5002 thirteen
1444 4953 1561 5021 bishops.

482 5062 486 5071 .
539 5031 549 5059 ²
552 5031 655 5095 funeri]
674 5032 758 5091 sunus,
770 5030 826 5081 MS.
861 5031 900 5080 Aa
919 5039 946 5080 ro
964 5030 1007 5079 the
1051 5032 1101 5079 and
1113 5046 1200 5081 names
1210 5030 1300 5082 twelve
1312 5031 1343 5079 of
1349 5032 1426 5082 them.
