4125 6334
536 1128 601 1188 200
763 1137 1075 1188 vrras.nuuon1s
1101 1135 1369 1188 nneonnrnsrs.

537 1312 634 1387 tabit,
658 1332 723 1396 quo
746 1310 880 1396 majoris
901 1310 1000 1374 fuisse
1026 1308 1226 1374 humilitatis
1250 1308 1412 1396 sagaciter
1438 1310 1599 1388 advertit,

539 1413 627 1498 quod
651 1417 767 1477 tantus
791 1412 940 1477 sacerdos
964 1410 1033 1477 haec
1053 1410 1193 1476 minima
1216 1416 1251 1476 et
1275 1416 1425 1477 extrema
1447 1417 1519 1477 tam
1546 1434 1599 1478 so·

538 1516 638 1579 lerter
659 1514 821 1601 implevit.
867 1514 920 1578 Ne
935 1518 1048 1579 tamen
1063 1514 1163 1579 nimis
1177 1514 1392 1601 protrahatur
1407 1514 1443 1580 in
1457 1515 1598 1602 longum

540 1618 610 1683 haee
636 1622 751 1682 nostra
776 1616 1015 1701 qualiscunque
1038 1618 1194 1694 narratio,
1219 1618 1393 1682 innumera
1424 1619 1599 1704 praeterire

541 1719 743 1784 decrevimus
758 1720 819 1784 sub
835 1715 977 1797 silentio,
993 1739 1068 1804 quae
1087 1719 1129 1784 ab
1145 1740 1182 1783 eo
1197 1724 1293 1805 gesta
1306 1718 1433 1785 ibidem
1446 1724 1482 1786 et
1497 1720 1599 1798 dieta,

541 1821 700 1906 nobisque
731 1827 875 1907 experta,
906 1820 1097 1898 multorum,
1133 1821 1162 1886 si
1194 1821 1422 1899 scriberentur,
1455 1821 1600 1888 aedifiea-

542 1924 627 1989 tioni
641 1929 738 1990 erant
752 1924 932 2011 profutura.
978 1922 1145 1990 Oaeterum
1165 1923 1319 1990 historias
1339 1924 1471 1990 texenti
1486 1924 1535 1990 sie
1556 1924 1599 1990 de

542 2049 652 2091 rerum
681 2024 858 2113 multiplici
887 2027 981 2112 copia
1017 2025 1129 2092 feriati
1163 2025 1297 2091 lectoris
1330 2031 1382 2091 est
1415 2025 1598 2092 satishtetio

542 2129 754 2216 procuranda,
785 2150 828 2192 ne
858 2127 1008 2214 occupati
1037 2128 1208 2214 negotiosa
1238 2127 1382 2193 intentio
1412 2127 1601 2194 aestimetur

480 2283 487 2295 .
542 2230 797 2318 praegravando:
821 2229 877 2294 sed
892 2250 952 2295 nec
967 2229 1032 2294 erit
1055 2229 1143 2295 unde
1165 2229 1260 2295 nobis
1283 2230 1449 2295 studiosus
1464 2230 1601 2297 auditor

543 2334 584 2400 de
609 2334 686 2418 jure
709 2336 907 2411 succenseat,
932 2333 1020 2416 quod
1048 2337 1082 2397 et
1106 2331 1277 2398 fastidioso
1304 2354 1363 2397 nos
1386 2331 1600 2417 aliquatenus

543 2459 665 2501 morem
695 2456 808 2522 gerere
838 2433 1070 2520 deprehendat.
1116 2434 1207 2499 Nam
1233 2439 1268 2500 et
1293 2435 1401 2499 avidis
1426 2436 1599 2501 interdum

543 2538 692 2605 convivis
725 2538 884 2602 alimenta
913 2559 987 2623 quae
1016 2536 1128 2602 minus
1160 2537 1335 2615 sufficiunt,
1367 2538 1446 2603 dum
1476 2536 1600 2604 edendi

543 2643 729 2730 appetitum
765 2646 954 2727 suggerunt,
986 2640 1209 2705 membrorum
1245 2641 1448 2706 nutrimento
1479 2641 1600 2708 utilius

542 2745 736 2810 inserviunt.
782 2743 825 2806 In
840 2742 940 2807 simili
954 2764 1034 2808 vero
1057 2763 1154 2807 eausa
1167 2764 1189 2807 a
1202 2743 1276 2808 viro
1297 2741 1484 2809 doctissimo
1500 2742 1601 2831 longe

543 2853 621 2913 ante
645 2870 705 2912 nos
732 2846 859 2911 dictum
882 2844 1063 2923 recolimus,
1089 2845 1168 2931 quia
1190 2844 1297 2911 multa
1319 2866 1387 2910 non
1413 2845 1601 2932 proderunt

543 2950 596 3014 eui
618 2971 723 3035 pauca
744 2970 812 3012 non
833 2947 1010 3013 sufficiunt.

588 3051 662 3115 Hoc
694 3055 815 3125 tamen,
850 3053 888 3114 ut
919 3050 1055 3115 tandem
1087 3050 1217 3128 desua,
1240 3051 1383 3136 quodam
1407 3051 1501 3137 quasi
1525 3052 1601 3118 vio·

541 3154 633 3218 lento
655 3152 811 3216 narrandi
834 3152 1036 3238 compendio,
1051 3153 1264 3218 extrahamus
1287 3152 1465 3218 solitudine
1480 3174 1600 3220 verum

542 3254 648 3320 nostri
682 3254 839 3341 temporis
873 3254 1000 3320 Christi
1034 3277 1226 3341 praeconem,
1260 3256 1329 3333 hoe,
1365 3255 1510 3341 inquam,
1542 3257 1600 3323 vel

541 3359 686 3423 lueviter
720 3358 842 3422 dixisse
876 3356 984 3433 liceat,
1015 3358 1094 3442 quia
1128 3357 1214 3423 sieut
1245 3358 1355 3444 magni
1385 3358 1600 3443 praeoursoris

542 3461 679 3525 Domini
702 3465 736 3525 et
758 3459 913 3545 baptistae
937 3466 1111 3524 venerator
1140 3460 1281 3525 eximius
1307 3466 1340 3525 et
1362 3467 1517 3525 strenuus
1540 3483 1600 3525 ex·

542 3563 614 3627 titit
637 3562 794 3639 imitator,
818 3563 867 3625 ita
889 3561 924 3624 in
956 3562 1016 3625 hac
1049 3563 1232 3647 praesertim
1254 3584 1362 3628 eremo
1385 3563 1600 3643 constitutus,

374 3674 433 3721 lm.
447 3675 465 3724 i.
477 3681 517 3725 aa
542 3664 705 3748 dirigebat
735 3662 960 3727 indesinenter
991 3663 1063 3727 vias
1098 3665 1239 3730 Domini.
1302 3666 1367 3746 Qui
1401 3665 1463 3731 etsi
1493 3688 1601 3752 prava

375 3777 485 3827 nucib.
499 3784 522 3828 5.
542 3766 665 3829 ibidem
695 3786 762 3828 non
793 3764 984 3830 inveniebat
1010 3789 1084 3851 quae
1115 3768 1279 3853 dirigeret,
1303 3770 1355 3833 vel
1386 3790 1500 3854 aspera
1522 3792 1600 3853 quae

542 3869 772 3954 complanaret,
788 3868 846 3931 sed
868 3868 967 3955 plana
988 3875 1100 3934 tamen
1123 3877 1156 3935 et
1180 3871 1303 3936 directa
1318 3893 1392 3955 qna.¹
1415 3871 1601 3938 invenisset

542 3973 585 4037 ad
607 3970 801 4058 perfectiora
823 3970 996 4057 dirigebat,
1020 3978 1059 4037 ut
1081 3971 1273 4058 impleretur
1302 3972 1385 4037 illud
1416 3972 1601 4058 Scripturas

377 4080 457 4141 apoc.
466 4081 529 4131 nii.
544 4074 690 4151 dicentis,
714 4073 862 4138 “Justus
889 4073 1091 4159 justificetur
1121 4073 1236 4153 adhue,
1262 4079 1296 4138 et
1319 4081 1452 4139 sauctus
1475 4077 1602 4141 saneti·

380 4151 417 4195 ¹¹¹
544 4179 701 4242 “ficetur
726 4176 861 4242 adhuc.”
918 4176 1014 4255 Quod
1049 4177 1084 4239 in
1119 4198 1153 4241 se
1181 4200 1239 4262 per
1261 4177 1371 4241 virum
1401 4176 1532 4262 justum
1565 4186 1601 4246 et

544 4286 694 4344 scutetum
729 4279 861 4344 aecitari
896 4279 1121 4365 unusquisque
1153 4278 1328 4356 sentiebat,
1351 4280 1408 4364 qui
1440 4279 1511 4365 ejus
1541 4303 1601 4347 ex-

544 4382 651 4467 emplo
675 4381 711 4444 in
734 4381 879 4446 Jordane
902 4381 1074 4467 baptizari,
1098 4381 1134 4444 in
1158 4382 1278 4467 spiritu
1300 4381 1456 4447 videlicet
1489 4383 1602 4449 humi·
1639 4391 1643 4397 ’

544 4484 649 4549 litatis
671 4484 870 4568 peramplius
893 4489 927 4548 et
949 4483 1124 4569 perfectius
1146 4485 1300 4548 mundari
1323 4484 1559 4551 consentiebat.

379 4580 531 4695 l¹i⁵flf⁰8¹l¹l
590 4586 635 4651 Et
657 4586 727 4671 ipse
750 4585 882 4670 quidem
906 4586 996 4648 omni
1020 4591 1166 4671 tempore
1189 4586 1288 4651 semel
1320 4587 1356 4650 in
1382 4586 1600 4667 hebdomada,

377 4662 519 4779 illul-llll
546 4690 579 4753 id
614 4695 664 4753 cst
698 4688 750 4751 die
786 4687 933 4762 sabbati,
968 4688 1152 4772 purissimae
1183 4688 1392 4753 confessionis
1427 4689 1599 4756 lavacrum

378 4783 524 4898 ῗὲῑνὸᾞίζη
545 4790 784 4878 frequentabat.
843 4789 938 4869 Quod
972 4790 1012 4854 de
1045 4791 1224 4856 traditione
1257 4789 1441 4855 inviolabili
1472 4791 1600 4858 ordinis

377 4880 499 4965 a‘r'aleof
546 4897 597 4959 sui
627 4914 800 4978 exequens,
825 4891 1014 4955 nullatcnus
1041 4893 1226 4957 omittebat.
1283 4892 1372 4972 Quin
1399 4892 1499 4957 etiarn
1529 4915 1601 4960 ere-

379 4982 495 5030 ¹l⁰⁰³‘'
547 4998 638 5062 brius
670 4997 730 5060 hee
755 5001 872 5081 ageret,
896 5016 974 5058 mox
997 5001 1036 5060 ut
1058 4996 1178 5081 aliquis
1208 5018 1249 5061 ex
1280 5016 1473 5080 quoeunque
1499 4996 1599 5075 facto,

379 5047 477 5096 thusian

380 5114 460 5163 order.
