4125 6334
791 1155 894 1204 omns
916 1155 948 1214 v,
972 1152 1046 1203 ear.
1062 1152 1133 1203 xrv.
1418 1139 1482 1204 ala

431 1346 505 1409 qua
531 1328 619 1413 apud
642 1326 848 1393 Lincolniam
880 1328 946 1392 fuit
974 1328 1011 1391 in
1041 1327 1169 1394 scriniis
1198 1326 1310 1414 ipsius,
1334 1326 1381 1392 eis
1406 1326 1484 1392 mit

431 1428 566 1492 tendam
580 1430 692 1511 dedit3
714 1431 751 1494 in
766 1452 832 1517 qua
845 1436 1084 1516 reponerentur
1098 1429 1227 1496 collatae
1243 1430 1323 1515 ipsis
1337 1430 1485 1514 reliquiae

429 1535 624 1598 sanctorum
652 1531 760 1612 Quod,
775 1534 888 1600 eodem
908 1533 1069 1600 monacho
1088 1537 1270 1620 satagente,
1286 1536 1362 1619 post
1376 1553 1485 1597 exces-

430 1652 504 1697 sum
526 1633 591 1698 viri
613 1636 719 1700 sancti
741 1635 916 1722 impletum
940 1640 999 1702 est.

476 1733 619 1822 Fmpleta
632 1759 711 1803 vero
726 1737 902 1823 largitione
917 1735 1065 1822 praefata,
1081 1737 1250 1824 episcopus
1272 1736 1315 1801 ad
1329 1735 1486 1801 inferiora
1499 1739 1578 1782 11011⁵⁰
1587 1741 1612 1782 οἵ

431 1858 661 1904 conversorum
676 1838 867 1905 habitacula
882 1839 1041 1904 continuo
1057 1839 1235 1905 descendit
1266 1838 1330 1904 Die
1345 1842 1477 1925 postera
1498 1789 1612 1884 libili

1479 1887 1486 1914 '
1536 1914 1544 1924 .

432 1939 595 2006 Cartnsiae
607 1940 673 2007 Dei
686 1940 952 2007 benedictionem
967 1941 1160 2028 imprecans,
1177 1944 1212 2007 et
1227 1963 1320 2007 suam
1334 1940 1486 2027 largiens,
1499 1890 1662 2001 llgrtppppn

430 2048 664 2127 corporetenus
687 2042 825 2109 decessit
848 2065 869 2108 a
893 2042 972 2121 loeo,
996 2043 1031 2107 in
1056 2064 1121 2128 quo
1141 2044 1270 2130 jugiter
1292 2042 1389 2109 corde
1413 1969 1649 2153 per-&Zigirgpm

431 2145 555 2209 mansit
578 2151 612 2210 et
634 2146 752 2210 animo.
1499 2161 1584 2203 ermae.

479 2246 627 2332 Rogatus
660 2251 775 2312 autem
805 2246 926 2333 sapius
956 2246 1199 2314 instantissime
1221 2269 1242 2312 a
1264 2247 1337 2313 viro
1364 2247 1486 2312 devoto
1499 2247 1581 2328 viria
1592 2250 1635 2299 the

433 2351 467 2412 et
503 2354 648 2426 strenuo,
679 2350 788 2436 priore
826 2348 933 2414 sancti
956 2346 1137 2425 Dornnini‚¹
1162 2350 1321 2435 quatinus
1351 2350 1485 2415 domum
1499 2318 1655 2433 ξῗοῇζζζ,

433 2472 533 2535 quam
562 2449 721 2537 regebat⁹
744 2450 931 2538 presentie
965 2473 1033 2517 suar
1063 2452 1258 2539 dignaretur
1280 2474 1419 2531 accessu,
1443 2452 1555 2517 adne-

434 2551 505 2638 ejus
534 2554 651 2619 cellam
682 2553 829 2619 divertit.
892 2553 958 2632 Qui
992 2551 1092 2629 eum,³
1121 2575 1191 2618 una
1220 2576 1295 2619 cum
1324 2554 1484 2619 fratribus

428 2656 504 2733 suis,
549 2655 732 2742 suscipiens
781 2654 973 2720 obviatione
1018 2654 1147 2720 solenni
1194 2654 1289 2721 velut
1331 2654 1486 2741 angelum

434 2757 580 2837 Domini,
603 2758 673 2844 egit
695 2780 771 2823 cum
797 2778 835 2821 eo
862 2755 949 2822 diem
976 2756 1146 2823 solennem
1168 2757 1205 2821 in
1228 2757 1335 2823 cordis
1368 2757 1487 2823 laetitia

435 2866 470 2925 et
494 2860 700 2925 exultatione
723 2859 898 2946 spirituali.
1434 2861 1441 2870 '

479 2960 686 3048 Disponebat
718 2984 798 3027 vero
828 2961 1000 3047 episcopus
1033 2960 1176 3027 invisere
1206 2982 1337 3047 quoque
1359 2960 1485 3027 Villam
1499 2974 1616 3069 vuappe

435 3062 674 3146 Benedictam3
706 3066 752 3129 sic
784 3064 872 3130 enim
896 3066 1036 3128 vocatur
1062 3063 1145 3127 cella
1171 3063 1206 3128 in
1230 3085 1296 3149 qua
1317 3063 1487 3149 religionis
1498 3028 1620 3169 {fidantii
1621 3028 1656 3069 m

434 3187 533 3231 sacrae
555 3166 676 3231 libavit
698 3166 887 3253 primordia
919 3165 1079 3230 Dictante
1093 3186 1173 3231 vero
1195 3167 1323 3232 ratione
1345 3166 1486 3245 itineris,
1517 3139 1574 3172 oms.

434 3269 581 3354 perrexit
612 3270 704 3356 prius
726 3269 769 3333 ad
791 3267 962 3333 castellum
984 3266 1075 3352 quod
1099 3266 1208 3333 scierat
1238 3268 1342 3355 patris
1366 3268 1427 3347 sui,
1452 3269 1487 3331 in
1499 3276 1594 3326 Arnon.

1500 3327 1536 3369 his
1545 3328 1649 3379 paternal

434 3391 500 3455 quo
514 3371 701 3437 mansiones
716 3370 893 3446 habebant,
909 3374 944 3435 et
958 3389 1027 3434 non
1042 3368 1204 3434 modicam
1219 3369 1487 3447 dominationem,
1500 3377 1605 3480 plag-313)-
1612 3432 1657 3472 m·

435 3474 501 3538 duo
523 3473 628 3559 ipsius
650 3473 810 3560 germani,
834 3472 1034 3537 Willielmus
1058 3471 1213 3537 videlicet
1227 3476 1261 3538 et
1276 3472 1402 3538 Petrus
1436 3471 1485 3536 Hi
1500 3494 1657 3538 walramum

435 3596 562 3661 semper
578 3575 766 3662 Hugonem,
782 3579 902 3661 utpote
924 3574 1049 3639 milites
1071 3574 1207 3651 strenui,
1222 3574 1273 3639 ita
1294 3575 1337 3640 ad
1352 3574 1489 3640 virtutis
1501 3545 1618 3638 ittialt?

436 3700 567 3743 cursum
590 3678 730 3743 incitare
745 3677 945 3764 gaudebant,
960 3681 1001 3741 ut
1015 3677 1101 3741 solet
1114 3677 1257 3742 admisso
1273 3678 1370 3742 subdi
1386 3678 1490 3743 calcar

435 3801 528 3864 equo.
574 3780 754 3865 Oquoties
788 3779 846 3844 isti
879 3800 947 3845 non
981 3783 1116 3844 tantum
1139 3779 1298 3866 episcopo,
1323 3781 1380 3846 sed
1414 3802 1488 3845 con·

435 3881 569 3946 siliariis
603 3902 734 3967 quoque
765 3880 879 3967 ipsius,
912 3885 947 3946 et
978 3886 1156 3967 praesentes
1186 3888 1429 3968 suggesserunt,
1456 3888 1490 3947 et

435 3983 588 4048 absentes
610 3983 861 4060 mandavenmt
878 4004 920 4047 ne
940 3983 977 4046 in
998 3982 1156 4047 falsorum
1170 3980 1313 4048 fratrum
1337 4005 1394 4048 seu
1417 4005 1489 4047 cru-

436 4083 561 4150 delium
598 4084 807 4150 dominorum
845 4084 1129 4171 persecutionibus
1158 4084 1270 4149 animo
1303 4085 1489 4150 lassaretur.

436 4186 638 4253 Asserebant
660 4187 758 4253 malls
793 4208 828 4252 se
859 4192 977 4253 natum
1009 4187 1119 4273 ipsum
1151 4209 1222 4252 non
1254 4188 1363 4269 fuisse,
1391 4209 1490 4274 qnam

436 4310 513 4353 eum
535 4296 651 4355 contra
682 4290 810 4354 natales
841 4288 1012 4376 ingenuos,
1045 4288 1088 4353 ad
1120 4289 1361 4376 depressionem
1391 4292 1491 4356 liber-
1541 4302 1585 4347 109
1599 4299 1624 4347 b·

436 4391 517 4456 tatis
550 4390 785 4469 ecclesiasticas,
809 4390 864 4456 vel
897 4391 940 4455 ad
970 4394 1176 4456 momentum
1210 4393 1320 4459 animo
1350 4394 1489 4480 degene-

435 4499 533 4557 rante
549 4493 690 4559 cessisse.
728 4492 784 4557 Ad
805 4492 865 4558 hos
888 4493 991 4578 igitur
1013 4494 1205 4580 hospitandi
1220 4496 1329 4582 gratia
1343 4498 1489 4572 veniens,

436 4596 666 4662 nonistorum
689 4595 903 4673 solummodo
927 4595 984 4660 sed
1009 4596 1181 4675 nobilium,
1203 4599 1426 4675 mediocrium,
1450 4602 1484 4661 et

436 4697 635 4778 infimorum,
660 4698 731 4763 loca
753 4697 865 4762 vicina
886 4696 1110 4776 incolentium,
1134 4699 1290 4765 uniformi
1312 4704 1487 4785 congratu-

672 4936 679 4965 ¹
691 4933 825 4999 Donatus]
844 4933 879 4984 So
889 4933 946 4985 MS.
961 4954 969 4995 ς
986 4934 1110 4999 Dominii,
1122 4934 1182 4986 Pes.

671 5015 682 5043 ²
693 5012 803 5079 repetat]
823 5012 858 5063 so
868 5011 924 5063 ΜΒ.
937 5034 944 5073 3
964 5016 1068 5079 regebat
1079 5014 1189 5074 victura
1199 5012 1259 5062 Pes.

670 5091 1065 5158 ¹m180Pas.;enim‚MS.
