4125 6334
607 1124 672 1186 218
830 1136 913 1187 vrrs
935 1138 961 1185 s
985 1136 1140 1186 nnaoms
1163 1136 1432 1185 amconurnusrs.

601 1309 768 1375 liberrimo
799 1315 1025 1395 exequeretur,
1053 1330 1127 1395 quae
1159 1309 1195 1373 in
1218 1308 1337 1374 intimo
1360 1308 1499 1374 rationis
1521 1311 1669 1376 sacrario

604 1412 742 1477 interius
781 1414 978 1500 percepisset
1017 1413 1215 1498 exequenda
1285 1412 1394 1490 Unde,
1424 1413 1508 1478 sicut
1539 1412 1667 1479 ibidem

601 1537 730 1602 quoque
745 1514 960 1594 subnectitur,
987 1522 1004 1550 “
1020 1516 1184 1580 Dominus
1199 1514 1290 1579 Deus
1306 1536 1385 1579 suus
1399 1536 1508 1581 aecum
1530 1520 1604 1582 erat
1627 1517 1666 1581 in

602 1624 619 1654 “
643 1617 823 1683 omnibus.'’

645 1721 884 1786 Verumtamen
914 1722 975 1786 hoo
997 1720 1142 1798 interim,
1180 1724 1292 1785 nostro
1329 1743 1387 1806 pro
1419 1721 1515 1786 nobis
1544 1720 1662 1788 lectori

602 1822 837 1889 satisfactionis
860 1825 979 1901 studio,
1003 1823 1047 1888 ad
1069 1828 1214 1888 mentem
1239 1823 1434 1902 reducimus,
1456 1824 1535 1909 quia
1557 1826 1660 1891 semel

599 1928 840 2006 tantummodo,
877 1932 1053 2013 postquam
1082 1927 1137 1990 vir
1185 1931 1319 1991 sanetus
1350 1927 1393 1991 ad
1423 1928 1658 2016 pontificatum

599 2031 742 2108 accessit,
758 2030 901 2095 calamus
924 2034 1037 2094 noster
1052 2028 1270 2094 Withamiam
1285 2030 1457 2116 scribendo
1481 2030 1636 2117 attigerit
1651 2055 1660 2112 ;

599 2135 641 2198 ad
665 2156 765 2219 quam
787 2134 868 2219 ipse,
890 2137 962 2198 tcto
994 2153 1078 2219 pene
1109 2153 1174 2217 quo
1197 2133 1422 2219 episcopatum
1446 2132 1548 2219 gessit
1571 2138 1658 2198 tem-

598 2259 684 2322 pore,
707 2258 795 2301 nunc
827 2235 927 2300 semel
956 2255 1046 2299 nunc
1077 2235 1205 2321 saepius,
1236 2239 1337 2320 prout
1369 2240 1594 2322 opportunum
1626 2236 1660 2301 ei

597 2339 670 2416 fuit,
693 2338 832 2424 singulis
854 2337 950 2401 annia
972 2338 1086 2403 venire
1113 2338 1292 2403 consuevit.
1341 2338 1414 2403 Hoc
1437 2343 1547 2403 autem
1572 2344 1658 2404 tem-

596 2462 674 2528 pore
696 2441 904 2527 potissimum
926 2441 1111 2505 autumnali
1134 2441 1292 2522 faciebat3
1315 2442 1483 2526 quatinus,
1499 2443 1581 2506 dum
1604 2444 1658 2507 sui

597 2544 638 2609 ad
672 2545 782 2631 fruges
816 2544 1014 2630 colligendas
1046 2544 1243 2630 temporales
1274 2544 1454 2608 studiosius
1486 2550 1656 2623 vacarent,

596 2647 661 2725 illo,
684 2648 819 2712 dimissa
850 2668 983 2711 suorum
1005 2646 1192 2731 ftequentia
1226 2646 1480 2711 domesticorum
1513 2647 1548 2710 in
1580 2669 1657 2734 pro-

597 2752 678 2837 pria,
693 2773 731 2816 eo
746 2747 908 2814 fertilius¹
934 2772 999 2835 quo
1023 2753 1058 2813 ot
1074 2749 1209 2813 liberius
1224 2749 1405 2835 carpenda,
1424 2755 1458 2813 et
1473 2749 1509 2813 in
1525 2749 1657 2815 intimis

597 2854 717 2919 animae
739 2874 799 2917 sua
830 2852 995 2938 apothecis
1029 2852 1254 2931 recondendae,
1286 2851 1478 2938 invigilaret
1512 2874 1656 2919 annonae

599 2955 749 3043 Spiritus
796 2955 848 3019 Ex
871 2976 910 3019 eo
925 2960 1037 3019 autem
1060 2954 1148 3039 quod
1163 2955 1383 3040 praemisimus
1398 2959 1550 3020 constare
1565 2960 1657 3021 recte

598 3057 879 3123 considerantibus
910 3056 982 3121 luce
1013 3055 1133 3121 clarius
1165 3062 1283 3143 potest,
1320 3063 1444 3143 quanto
1476 3057 1656 3124 brevitatis

598 3160 707 3224 studio
729 3160 858 3225 lectoris
881 3160 1044 3225 declinare
1059 3159 1237 3237 fastidium,
1261 3160 1296 3222 in
1319 3160 1392 3224 aliis
1415 3182 1545 3246 quoque
1568 3162 1655 3246 ejus·

599 3265 672 3328 dem
687 3265 798 3350 gestis,
815 3265 993 3350 satagimus
1006 3288 1013 3343 ;
1037 3263 1095 3347 qui
1110 3264 1170 3326 vix
1185 3285 1289 3348 pauca
1305 3286 1346 3327 ex
1369 3263 1421 3327 his
1437 3286 1512 3350 quae
1528 3264 1565 3328 in
1581 3265 1655 3331 loco

598 3369 656 3432 ubi
681 3367 856 3453 saepissime
879 3367 1079 3443 morabatur,
1095 3365 1153 3430 ubi
1178 3370 1231 3430 tot
1257 3366 1418 3430 salutaria
1440 3367 1654 3453 loquebatur,

536 3512 543 3527 ·
598 3472 656 3534 ubi
670 3476 740 3535 tam
763 3470 947 3555 spiritualia
962 3469 1169 3554 operabatur,
1185 3470 1376 3533 summatim
1400 3471 1655 3557 perstringendo

596 3575 797 3659 replicamus

643 3676 742 3739 Nunc
775 3673 879 3758 igitur
908 3673 988 3757 quid
1018 3673 1054 3735 10
1084 3671 1202 3737 ultimo
1234 3673 1303 3758 ejus
1341 3675 1383 3739 ab
1417 3675 1493 3739 inde
1524 3699 1655 3743 recessu

598 3777 720 3842 ibidem
743 3775 905 3852 acciderit,
929 3775 1026 3839 solita
1060 3775 1355 3861 compendiositate
1390 3779 1590 3859 referemus;
1613 3805 1655 3847 ac

600 3882 646 3945 sio
668 3880 711 3943 ad
734 3880 803 3964 ejus
833 3878 1018 3943 abscessum
1042 3900 1084 3942 ex
1112 3879 1171 3943 hoc
1196 3879 1322 3944 mundo
1353 3881 1396 3943 ad
1427 3882 1560 3945 domurn
1585 3907 1654 3949 non

598 3983 820 4048 manufactam
854 3986 1013 4047 aeternam
1052 3981 1087 4044 in
1125 3981 1216 4045 coelis
1247 3983 1488 4069 exponendum,
1525 3992 1655 4069 quanta

599 4087 779 4152 valebimus
814 4085 983 4150 celeritate
1015 4084 1255 4171 pertendemus.
1314 4086 1421 4151 Nocte
1447 4088 1551 4173 igitur
1575 4113 1653 4174 quae

599 4191 687 4254 diem
713 4190 806 4253 illum
840 4188 967 4263 clausit,
998 4210 1063 4272 qua
1095 4187 1250 4251 ultimum
1282 4188 1441 4254 fratribus
1464 4191 1537 4255 vale
1561 4193 1653 4273 fecit,

598 4293 813 4358 0000110000
844 4291 1057 4377 corporaliter
1086 4312 1154 4354 non
1185 4290 1326 4368 visurus,
1350 4292 1383 4355 id
1415 4293 1534 4358 accidit
1558 4299 1652 4380 quod

599 4393 789 4459 referimus2
836 4394 921 4457 Cum
945 4394 1032 4457 enirn
1059 4393 1129 4478 jam
1152 4393 1354 4480 singulorum
1379 4397 1652 4479 sacrationibus,

598 4499 767 4585 praemissa
792 4496 1002 4577 confessione,
1027 4501 1061 4561 et
1087 4497 1295 4561 absolutione
1319 4497 1461 4562 vicissim
1485 4502 1591 4585 petita
1614 4511 1652 4569 et

598 4606 758 4688 percepta,
785 4623 930 4665 seorsum
956 4600 1048 4686 prius
1074 4600 1247 4665 ineo1um
1274 4600 1363 4666 cellis
1386 4604 1652 4673 commendasset

597 4728 638 4769 ex
673 4726 771 4780 more,
802 4703 935 4768 demum
970 4704 1006 4766 in
1036 4723 1217 4778 commune,
1247 4704 1382 4767 licentia
1412 4706 1582 4790 postulata
1612 4716 1651 4774 et

598 4807 723 4874 solenni
747 4807 899 4870 omnibus
930 4805 1158 4868 benedictione
1185 4805 1273 4880 data,
1305 4807 1407 4871 libato
1432 4809 1533 4872 etiam
1556 4812 1650 4895 pacis

605 4956 756 4962 —-——
776 4957 855 4962 --,,
1063 4947 1325 4960 l...-.—..-—

862 5023 1001 5088 [mulius]
1017 5023 1050 5072 So
1062 5023 1117 5072 Ms.
1130 5044 1136 5082 ;
1149 5023 1256 5083 facilius,
1268 5025 1327 5073 l'ez.

859 5102 1022 5168 ²referimus]
1037 5101 1071 5153 So
1083 5102 1139 5153 MS.
1152 5124 1159 5161 ;
1181 5103 1301 5166 sequitur,
1313 5103 1371 5152 l'ez.
