4125 6334
538 1120 601 1181 148
758 1129 840 1179 vm
862 1131 887 1182 S.
912 1129 1069 1179 nuoouls
1092 1128 1364 1178 Llncowlnn'sls

665 1604 842 1671 INCIPIT
865 1603 1107 1673 PROLOGUS
1130 1602 1257 1671 LIBRI
1281 1601 1466 1684 QUAR'I'I.

537 1929 593 1995 Ur
625 1935 747 2010 autem,
776 1931 934 2018 temporis
972 1932 1056 1997 serie
1095 1931 1265 2018 paululum
1296 1928 1495 2006 intermisse,
1529 1947 1586 2015 pro

536 2038 675 2099 aetetum
698 2034 814 2099 ordine
836 2034 944 2100 adhuc
975 2035 1062 2099 sicut
1087 2033 1247 2119 coepimus
1276 2053 1381 2119 peuce
1401 2029 1587 2106 referamus,

535 2141 612 2223 post
634 2140 787 2201 exactam
810 2135 976 2201 infantilis
1002 2157 1132 2201 necnon
1153 2135 1218 2201 tevi
1240 2133 1377 2221 puerilis
1402 2131 1586 2211 historiam,

537 2236 795 2303 adolescentium
818 2242 870 2302 est
892 2238 1018 2302 mentio
1040 2236 1188 2303 breviter·
1213 2234 1454 2315 subnectende;
1480 2235 1588 2320 sicque

537 2362 596 2427 per
618 2339 863 2405 succedentium
879 2339 1003 2425 gradus
1025 2344 1177 2419 retstum,
1192 2359 1296 2424 usque
1319 2338 1361 2402 sd
1384 2343 1587 2403 mortuorum

460 2486 466 2498 ·
535 2442 692 2527 exequias
714 2437 915 2528 [narratio]¹
950 2441 1182 2522 extendende3
1214 2440 1251 2504 in
1279 2461 1420 2526 quorum
1451 2437 1589 2525 diligen·

534 2545 666 2610 tissime
696 2542 892 2610 executione
923 2549 999 2632 post
1021 2543 1160 2610 Tobium
1191 2564 1288 2609 nemo
1316 2541 1481 2630 reperitur
1501 2541 1588 2607 ade-

535 2668 651 2733 quesee
675 2646 861 2733 Hugonern.
916 2647 993 2728 Qui,
1023 2653 1063 2712 ut
1093 2645 1244 2732 superius
1276 2645 1435 2724 innotuit,
1458 2642 1587 2730 singula

535 2750 615 2816 vitae
646 2772 714 2817 suae
745 2755 914 2816 momentu
946 2749 1071 2813 divinis
1101 2747 1319 2834 mancipando
1350 2746 1532 2835 praeceptis,
1553 2745 1588 2810 id

529 2852 606 2938 jure
629 2851 823 2938 promeruit,
853 2857 893 2916 ut
916 2850 1068 2937 pluribus
1098 2850 1134 2914 in
1165 2849 1314 2936 quolibet
1344 2848 1455 2915 aetstis
1484 2847 1587 2936 gradu

534 2952 756 3018 existentibus
776 2952 877 3017 etiarn
900 2952 970 3038 ipse
992 2951 1145 3039 prodesse
1161 2951 1326 3017 valuisset.
1372 2950 1498 3017 Factus
1510 2971 1589 3015 vero

534 3054 646 3119 aetatis
663 3053 733 3138 jam
757 3053 906 3139 integi-se,
929 3058 963 3118 et
989 3053 1174 3140 pontificali
1202 3052 1307 3119 officio
1328 3052 1518 3139 insignitus,
1541 3075 1590 3119 se·

534 3154 693 3241 peliendis
708 3154 849 3220 mortuis
872 3161 1003 3221 tnntsrn
1018 3155 1111 3221 visus
1133 3160 1185 3222 est
1206 3154 1449 3221 solicitudinem
1463 3154 1590 3242 impen-

535 3256 630 3338 disse,
654 3262 702 3337 ut,
724 3257 959 3324 misericordias
981 3257 1083 3344 hujus
1106 3257 1243 3345 praemio
1265 3258 1409 3344 reposito
1436 3258 1472 3323 iu
1497 3257 1589 3323 futu·

534 3382 617 3439 rum,
641 3359 703 3425 sub
727 3360 882 3447 pruesenti
903 3382 1035 3447 quoque
1058 3366 1206 3447 tempore
1227 3358 1390 3447 singulari
1412 3360 1591 3425 donaretur

534 3462 657 3528 honore
672 3462 858 3530 senulturae.
893 3462 990 3542 Quod
1014 3467 1095 3528 tunc
1110 3462 1249 3550 plenius,
1265 3460 1420 3527 favente⁹
1435 3461 1588 3542 Domino,

534 3584 728 3650 exponetur,
761 3585 835 3628 cum
867 3580 986 3649 quarto
1020 3577 1097 3630 nuuc
1134 3588 1172 3630 ec
1205 3564 1390 3651 penultimo
1421 3569 1588 3651 gestorum

533 3665 625 3731 illius
648 3665 734 3731 libro
760 3666 950 3752 imponetur
981 3672 1076 3733 mets
1133 3665 1197 3730 In³
1231 3666 1326 3752 cujus
1357 3667 1494 3733 exordio
1527 3669 1591 3733 istu

534 3766 692 3833 duximus
715 3766 926 3854 praelibnndn.

886 3969 1040 4057 Explicit
1062 3969 1236 4055 Proloyes.

965 4162 1041 4167 —...-
1069 4163 1088 4167 ..
1107 4161 1224 4168 ..--·--.-
1241 4161 1255 4166 .,
1291 4161 1312 4165 ..
1538 4155 1586 4166 ουν-

569 4278 714 4343 'sunolio]
746 4279 798 4330 Not
817 4279 844 4327 in
863 4279 939 4338 MS.;
957 4279 1036 4331 ndded
1119 4281 1129 4309 ¹
1131 4278 1249 4345 sumre]
1270 4278 1390 4340 SoPer.;
1407 4278 1522 4339 faciente,
1531 4277 1587 4329 MS.

534 4358 599 4407 llum
611 4356 670 4408 Per.
1120 4361 1129 4389 ⁸
1143 4357 1188 4425 In]
1209 4359 1244 4409 Sc
1255 4358 1313 4411 MS.
1326 4378 1333 4419 ς
1350 4366 1395 4409 not
1407 4358 1434 4407 iu
1446 4357 1506 4409 Pes.
